2039 3254
277 444 405 482 caveri
437 446 571 492 potuit
599 447 637 483 et
665 446 713 483 ab
742 445 915 483 hostibus
944 456 1019 483 non
1047 449 1205 493 praeter
1237 445 1352 485 fidem
1391 447 1521 486 datam
1557 448 1759 495 agentibus

278 509 346 546 sed
363 509 479 547 fidem'
504 510 791 556 praestantibus
819 513 1005 554 movetur,
1035 532 1083 536 —
1115 510 1213 556 quod
1241 511 1354 557 plane
1383 511 1579 549 alienum?
1628 511 1761 558 Atque

278 572 373 610 illud
402 572 682 623 ἀπροφόλακτον
711 573 871 612 eundem
906 585 1056 613 sensum
1085 574 1292 622 praeberet
1327 587 1437 623 „cum
1472 577 1624 615 minime
1652 586 1762 614 cave-

278 641 383 683 res“‚
427 642 471 675 ut
514 637 657 676 ἄπιστον
699 642 786 686 post
820 637 1094 688 ἀπροφύλακτον
1132 642 1172 676 et
1205 639 1353 678 infirme
1384 641 1526 678 dictum
1553 644 1592 678 et
1618 643 1762 678 temere

277 702 482 750 repetitum
528 703 658 749 putari
699 702 833 750 possit.
896 703 1084 749 Equidem
1126 704 1381 742 coniecturam
1426 703 1610 743 ἄσπειστον
1651 704 1762 742 valde

277 767 398 812 probo
430 770 643 812 propterea
671 767 771 811 quod
798 767 867 803 illa
895 770 1077 812 quattuor
1105 768 1295 805 adiectiva
1323 770 1446 806 nostri
1473 770 1545 806 loci
1569 768 1763 815 aptissime

277 830 380 867 inter
418 840 460 867 se
496 830 713 868 cohaerent.
769 828 937 879 Πόλεμος
972 831 1072 868 enim
1103 853 1152 860 -
1180 832 1277 871 haec
1318 833 1470 871 videtur
1503 832 1638 871 Dionis
1679 842 1762 870 esse

278 894 473 932 sententia
501 915 551 921 —
579 895 654 932 erit
675 897 708 932 1.
740 894 851 943 μέγας
869 896 894 932 1.
916 906 951 933 e.
979 896 1125 943 ingens,
1155 896 1187 933 si
1214 896 1437 944 respicimus
1464 896 1566 934 vires
1592 905 1763 944 pugnan-

276 958 373 996 tium
402 958 608 1006 sedemque
636 958 727 998 belli
766 960 856 999 latis
883 959 1021 998 finibus
1050 960 1389 1009 circumscriptam,
1427 962 1462 999 2.
1493 959 1645 1012 συνεχής
1672 960 1697 998 1.
1729 971 1760 997 e.

277 1025 425 1071 ingens,
459 1024 491 1062 si
519 1025 744 1071 respicimus
772 1026 940 1071 spatium
969 1026 1165 1072 temporis,
1194 1029 1273 1063 tam
1300 1026 1449 1072 ingens,
1478 1029 1521 1062 ut
1539 1035 1660 1070 neque
1679 1035 1762 1061 cer·

277 1091 359 1125 tum
386 1088 539 1126 initium
572 1088 665 1126 belli
692 1088 932 1134 inveniatur,
969 1100 1052 1127 cum
1086 1100 1160 1126 non
1187 1089 1378 1127 indicatur
1406 1088 1698 1139 (ἀπροφύλακτον
1718 1103 1764 1116 =

278 1152 591 1201 ἀκατάγγελτον),
632 1163 754 1199 neque
795 1153 881 1190 finis
922 1153 1021 1190 ullus
1063 1153 1279 1200 exspectari
1319 1154 1461 1200 possit,
1506 1163 1588 1190 cum
1629 1152 1763 1190 foedus

278 1217 422 1254 nullum
451 1216 625 1254 iuncturi
653 1217 729 1255 sint
756 1220 970 1264 pugnantes
999 1215 1234 1265 (ἄσπειστος).

387 1281 436 1317 In
468 1292 502 1317 c.
532 1282 583 1318 44
619 1281 788 1319 eiusdem
820 1281 910 1318 libri
944 1282 1093 1319 codices
1128 1285 1166 1318 et
1194 1282 1239 1318 R.
1271 1281 1397 1328 Steph.
1434 1280 1577 1319 habent
1604 1280 1763 1331 δοθῆναι,

279 1343 432 1393 δόγματι
460 1344 541 1383 κατ’
573 1344 690 1383 αὐτῶν
718 1345 900 1393 γενέσθαι,
934 1346 1016 1383 sine
1051 1346 1164 1383 dubio
1193 1346 1454 1392 depravatum.
1509 1346 1765 1385 Leunclavius

279 1409 438 1447 conicit:
480 1408 595 1458 δόγμα
639 1423 690 1452 τε,
733 1409 940 1447 Turnebus
970 1408 1085 1457 δόγμα
1118 1424 1169 1454 τι,
1205 1409 1366 1447 Reiske:
1403 1409 1462 1447 καὶ
1495 1409 1693 1459 συνέβαινεν
1722 1409 1765 1447 ἂν

277 1473 356 1521 (vel
384 1472 444 1511 καὶ
477 1472 721 1521 ἐκινδύνευσε)
756 1472 871 1521 δόγμα
905 1488 949 1518 τι,
984 1472 1177 1511 Sturzius:
1221 1472 1287 1511 κᾶν
1324 1472 1439 1522 δόγμα
1472 1488 1504 1510 τι
1537 1472 1612 1511 κατ’
1648 1472 1764 1513 αὐτῶν

278 1536 440 1586 ἐγένετο,
472 1537 649 1575 GrOSiust
686 1536 775 1578 ὥςτε
810 1537 869 1575 καὶ
904 1537 1018 1586 δόγμα
1051 1552 1083 1574 τι
1121 1536 1197 1575 κατ’
1234 1536 1351 1574 αὐτῶν
1385 1537 1560 1585 γενέσθαι,
1589 1538 1764 1576 Bekker:

277 1604 407 1650 ἔμελλε
436 1602 475 1638 δὲ
503 1602 563 1639 καὶ
592 1601 708 1650 δόγμα
735 1616 778 1644 τι,
817 1601 1055 1639 Dindorfius:
1093 1601 1182 1642 ὥςτε
1217 1600 1283 1638 κᾶν
1319 1600 1434 1649 δόγμα
1470 1615 1514 1640 τι.
1561 1601 1765 1650 Xylander

277 1667 411 1704 vertit:
453 1666 579 1713 „quod
615 1677 638 1704 a
665 1669 802 1704 senatu
831 1665 971 1704 Cottae
1000 1665 1270 1712 Torquatoque
1305 1665 1496 1704 addictum
1530 1666 1764 1712 praesidium

277 1731 391 1777 idque
413 1734 554 1768 contra
573 1730 819 1768 insidiatores
837 1730 921 1768 fore
940 1730 1104 1767 edictum
1125 1732 1219 1772 erat,
1249 1730 1323 1767 nisi
1341 1730 1426 1775 quis
1444 1729 1620 1768 tribunus
1638 1730 1763 1777 plebis

280 1794 602 1840 intercessisseff‘,
632 1793 733 1840 quod
759 1793 1017 1831 Leunclavius
1044 1793 1085 1830 in
1113 1793 1287 1840 margine
1315 1793 1493 1840 corrigit:
1531 1797 1596 1840 „et
1623 1793 1766 1832 factum

280 1860 320 1896 in
349 1869 416 1896 eos
445 1858 829 1904 senatusconsultum,
860 1857 934 1895 nisi
961 1857 1136 1895 tribunus
1164 1857 1317 1904 quidam
1347 1859 1448 1895 etc.“
1493 1858 1625 1896 Redeo
1659 1858 1765 1905 equi-

280 1923 365 1960 dem
394 1922 443 1960 ad
471 1922 704 1960 Leunclavii
732 1925 772 1958 et
799 1921 967 1959 Turnebi
998 1921 1246 1959 coniecturas.
1305 1921 1413 1958 Nihil
1440 1932 1524 1958 esse
1551 1925 1660 1968 puto,
1697 1932 1766 1958 cur

279 1996 353 2023 non
393 1985 607 2024 infinitivus
650 1984 814 2034 γενέσθαι
854 1984 1019 2033 pendeat
1061 1995 1107 2024 ex
1141 1984 1427 2033 praepositione
1463 1983 1519 2022 διά
1547 1985 1692 2033 pariter
1719 1996 1765 2025 ac

279 2051 516 2097 praecedens
558 2050 771 2088 infinitivus
812 2052 968 2099 δοδῆναι.
1026 2050 1297 2087 Insidiatorum
1339 2050 1440 2087 enim
1482 2050 1640 2087 consilia
1681 2061 1766 2087 cum

279 2115 368 2153 aliis
394 2114 510 2153 rebus
538 2118 620 2152 tum
655 2125 699 2153 eo
728 2114 841 2152 irrita
870 2114 976 2152 facta
1004 2116 1103 2161 sunt,
1132 2113 1233 2160 quod
1261 2116 1417 2152 senatus
1444 2113 1578 2151 iamin
1597 2125 1662 2152 eos
1681 2114 1765 2152 ani-

278 2180 547 2217 madversurus
588 2182 685 2216 erat.
744 2178 838 2215 Cum
882 2181 1009 2215 autem
1043 2178 1116 2215 hoc
1155 2178 1356 2215 imminens
1397 2178 1764 2215 senatusconsultum

278 2254 354 2281 non
382 2243 618 2280 verbotenus
654 2244 845 2286 narretur,
873 2241 1104 2287 particulam
1132 2255 1164 2278 τι
1183 2241 1355 2279 Turnebi
1383 2245 1423 2279 et
1450 2241 1650 2279 enuntiata
1677 2252 1766 2279 con-

277 2306 461 2354 iungendi
495 2316 612 2343 causa
648 2305 875 2352 particulam
915 2319 954 2341 τε
990 2305 1214 2343 Leunclavii
1248 2304 1407 2351 accipio.
1463 2304 1539 2342 Sed
1565 2306 1680 2343 lectio
1708 2306 1765 2342 ita

278 2373 365 2408 orta
393 2369 510 2417 δόγμα
537 2383 577 2405 τε
605 2383 648 2413 τι,
677 2368 855 2414 quamvis
883 2368 1042 2414 simplex
1070 2368 1131 2414 sit,
1163 2368 1256 2405 mihi
1274 2370 1481 2415 propterea
1503 2367 1676 2406 sufficere
1694 2379 1764 2406 ne-

278 2434 373 2482 quit,
403 2433 505 2480 quod
525 2444 657 2471 omnes
685 2436 842 2480 praeter
861 2431 1041 2470 Grosium
1061 2432 1227 2470 editores
1247 2432 1519 2471 dubitaverunt
1536 2433 1764 2479 particulam

277 2497 319 2536 ὀίν
348 2498 530 2536 omittere
559 2498 598 2534 in
627 2497 698 2535 hoc
726 2496 926 2534 enuntiato
954 2496 1213 2544 hypothetico.
1270 2496 1334 2534 Me
1361 2496 1514 2543 quidem
1546 2507 1624 2535 non
1650 2496 1760 2545 fugit,

275 2565 375 2601 hanc
403 2562 637 2610 particulam
665 2560 857 2598 interdum
885 2571 909 2597 a
938 2560 1190 2608 scriptoribus
1217 2561 1394 2599 omissam
1423 2571 1506 2599 esse
1537 2560 1601 2609 (cf.
1630 2561 1679 2599 K.
1699 2560 1761 2599 W.

274 2629 448 2675 Kruger,
478 2637 540 2673 gr.
569 2625 825 2673 Sprachlehre
853 2624 875 2674 ξ
897 2626 962 2670 53,
991 2625 1037 2670 V,
1066 2625 1118 2664 A.
1139 2626 1182 2670 53
1210 2626 1256 2662 R.
1284 2623 1456 2670 Kiihner,
1485 2624 1583 2663 ausf.
1611 2635 1671 2673 gr.
1691 2623 1761 2663 Gr.

274 2693 328 2739 H,
363 2695 380 2730 1
412 2691 435 2741 ξ
465 2691 607 2740 392a).
665 2690 773 2737 Quod
807 2694 933 2727 autem
967 2690 1150 2728 eiusmodi
1190 2691 1314 2728 locum
1355 2689 1458 2737 apud
1492 2689 1655 2728 Dionem
1687 2700 1763 2727 non

274 2757 441 2804 repperi,
470 2756 563 2793 mihi
593 2755 720 2803 potius
747 2754 945 2801 legendum
973 2754 1139 2792 videtur:
1176 2753 1292 2802 δόγμα
1320 2751 1397 2791 τ’ὀίν
1426 2768 1467 2791 τι.
1524 2753 1762 2791 Particulam
