2039 3254
241 454 332 495 ὥςτε
362 452 519 499 denique
547 455 754 499 propterea
781 461 855 487 non
883 451 922 487 in
950 451 1048 487 hunc
1075 451 1199 487 locum
1228 451 1428 487 convenire
1466 453 1579 496 puto,
1617 448 1717 495 quod

239 528 315 555 non
343 516 539 564 intellego,
568 515 754 563 quomodo
783 514 877 552 illud
905 514 1274 552 senatusconsultum
1300 516 1427 552 manet
1453 524 1500 551 ex
1524 512 1716 560 praesidio

239 582 458 620 consulibus
486 581 650 618 addicto.

346 645 393 682 In
421 646 445 682 1.
476 645 528 682 40
556 655 587 681 c.
622 645 667 680 15
699 644 744 681 R.
774 642 991 691 Stephanus
1018 647 1059 681 et
1086 643 1235 681 codices
1263 642 1424 681 habent:
1457 643 1659 691 πολεμῆσαι
1678 640 1718 678 δέ

240 724 324 747 τισιν
352 708 570 746 ἀπαυτίκα
599 709 757 757 διαρκῶς
784 707 825 745 οὐ
854 707 1027 752 δύνανται,
1058 707 1117 745 καὶ
1146 707 1182 748 ἐς
1212 705 1503 756 ἀλλοτριωτάτην
1539 705 1631 754 σφίσι
1658 704 1718 743 καὶ

242 775 306 823 τῆς
338 774 402 822 γῆς
435 771 495 810 καὶ
529 772 591 809 τοῦ
627 770 778 821 οὐρανοῦ
813 770 1025 810 κατάστασιν
1063 770 1361 821 ἀπαρτῶνται,
1398 769 1459 808 καὶ
1493 768 1585 819 μήτε
1620 767 1717 806 σίτου

244 837 336 886 μήτε
377 835 600 885 μισθοφόρου
641 834 751 885 σκεύη
794 835 1010 884 ποιούμενοι.
1066 835 1148 873 Hoc
1189 836 1291 880 loco,
1334 845 1445 881 quem
1478 834 1719 871 Leonicenus

241 901 363 939 libere
390 900 525 939 vertit:
557 911 643 946 „ma
663 910 739 938 non
758 910 849 938 sono
869 898 1071 938 sufficienti
1090 910 1114 937 a
1132 910 1378 947 perseverare
1403 898 1507 937 nella
1525 897 1719 946 battaglia

240 967 352 1013 longo
383 971 510 1013 tempo
540 969 675 1003 contra
702 965 741 1002 di
768 966 895 1003 alcuni
923 976 944 1001 e
973 964 1005 1002 si
1032 964 1201 1011 perdono
1228 965 1269 1001 111
1296 974 1372 1001 11113
1390 963 1662 1001 constitutione
1680 962 1720 999 di

243 1040 335 1068 aere
364 1041 385 1067 3
413 1030 452 1067 di
479 1039 594 1077 paese
621 1029 739 1066 molto
768 1029 892 1066 alieno
921 1039 945 1065 a
972 1028 1055 1066 loro
1084 1038 1105 1065 e
1133 1038 1207 1065 non
1235 1028 1358 1066 hanno
1388 1037 1436 1065 ne
1463 1027 1654 1065 frumento
1673 1036 1720 1064 ne

245 1095 507 1140 vettovaglie“
535 1115 585 1121 —-
614 1094 826 1131 editoribus
867 1094 921 1130 eis
964 1094 1142 1136 assentio,
1185 1093 1249 1138 qui
1290 1091 1469 1129 ἀπαυτίκα
1502 1095 1654 1128 mutant
1680 1091 1722 1128 in

242 1157 393 1196 ἀπαυστὶ
434 1157 496 1196 καὶ
535 1162 576 1195 et
618 1156 842 1207 μισθοφόρου
878 1155 989 1206 σκεύη
1017 1157 1056 1194 in
1087 1156 1217 1205 μισθοῦ
1245 1155 1495 1206 παρασκευήν.
1538 1156 1721 1194 dissentio

245 1227 373 1260 autem
401 1222 447 1259 de
466 1222 649 1258 mutando
668 1222 896 1258 vocabulum
916 1221 1142 1270 ἀπαρτῶντα(
1158 1222 1199 1257 111
1217 1221 1460 1267 participium
1480 1219 1719 1269 ἀπαρτῶντες.

244 1285 374 1324 Genus
401 1286 569 1324 activum
598 1285 699 1323 enim
726 1285 837 1323 huius
870 1285 977 1323 verbi
1013 1285 1208 1324 rarissime
1240 1284 1442 1331 invenitur3
1478 1284 1517 1322 in
1545 1284 1571 1323 l.
1600 1284 1664 1327 51.
1693 1284 1721 1321 4

242 1349 437 1396 significat
464 1351 598 1388 abesse
625 1360 763 1397 neque,
797 1354 842 1387 ut
873 1350 955 1394 hic,
991 1361 1077 1387 cum
1111 1350 1272 1388 termino
1305 1350 1345 1386 in
1378 1359 1489 1395 quem
1517 1350 1720 1387 coniuncta

244 1416 320 1457 est;
357 1414 412 1451 ibi
440 1414 558 1452 etiam
586 1413 760 1452 Sturzius
794 1417 968 1451 annotat:
1015 1413 1175 1451 subaudi
1218 1413 1357 1451 ἑαυτόν.
1414 1413 1533 1461 Apud
1567 1412 1720 1460 Thucy-

246 1478 374 1516 didem
400 1489 489 1517 vero
518 1478 557 1515 111
584 1479 609 1516 l.
639 1480 673 1525 6,
696 1478 743 1516 21
773 1478 854 1516 13111
872 1477 1049 1516 Meineke
1068 1489 1137 1525 pro
1157 1477 1424 1528 ἀπαρτήσαντες
1450 1478 1578 1526 posuit
1606 1476 1720 1515 ἀπαν-

242 1542 428 1591 τήσαντες,
466 1543 566 1589 (111οᾱ
600 1544 837 1580 recentiores
872 1543 1038 1580 editores
1080 1547 1319 1588 acceperunt.
1380 1543 1514 1587 Itaque
1548 1553 1719 1589 propono

242 1606 341 1644 hanc
368 1606 581 1649 lectionem,
615 1617 728 1653 quam
747 1606 797 1644 ad
815 1616 963 1644 sensum
982 1606 1124 1654 optime
1151 1606 1350 1644 convenire
1377 1610 1488 1653 puto:
1518 1608 1722 1656 πολεμῆσαι

242 1670 282 1708 δὲ
310 1692 359 1697 -
389 1670 430 1707 οὔ
460 1670 635 1717 δύνανται,
667 1669 812 1711 ἄλλως
838 1685 883 1708 τε
912 1669 990 1708 κᾶν
1020 1670 1057 1711 ἐς
1091 1669 1380 1719 ἀλλοτριωτάτην
1405 1691 1455 1697 -
1482 1669 1719 1720 ἀπαρτῶνται.

849 1844 1116 1897 Addenda.

350 1926 379 1962 Ι.
426 1925 495 1972 Ε3,
517 1935 631 1971 (1113111
649 1925 847 1962 Reimarus
866 1930 1146 1971 commemorat,
1175 1925 1293 1964 editio
1312 1925 1499 1964 versionis
1517 1925 1723 1963 Leoniceni

242 1989 351 2038 (anni
382 1989 501 2038 1542)
528 1990 642 2037 plane
670 1989 719 2027 ab
747 2000 793 2027 ea
826 1989 977 2027 differre
1013 1990 1175 2033 videtur,
1217 2001 1314 2036 quae
1348 1991 1386 2027 in
1421 1990 1516 2027 meis
1550 1991 1725 2027 manibus

245 2056 317 2099 est,
346 2053 447 2099 quod
467 2056 506 2090 et
524 2054 642 2091 alium
661 2054 826 2101 praebet
854 2054 1008 2091 titulum
1028 2059 1069 2091 et
1086 2054 1186 2092 alius
1204 2054 1432 2103 typographi
1450 2054 1595 2102 prelum
1615 2065 1723 2093 exer-

244 2118 333 2156 cuit.
389 2118 477 2156 Illa·
491 2129 583 2156 vero
611 2119 736 2165 prima
762 2118 851 2155 anni
883 2119 999 2156 1526ἒ
1014 2118 1132 2156 editio
1160 2122 1288 2157 utrum
1316 2129 1400 2156 cum
1428 2129 1514 2157 mea
1542 2123 1724 2166 congruat

242 2192 381 2226 annon,
410 2181 564 2218 minime
591 2182 723 2226 liquet.
779 2182 824 2218 In
851 2192 960 2231 meae
989 2182 1167 2219 editionis
1195 2182 1305 2230 (anni
1335 2182 1454 2230 1533)
1482 2182 1581 2219 enim
1609 2182 1723 2220 titulo

243 2245 387 2292 scripta
421 2248 509 2283 sunt
541 2245 636 2283 haec
669 2246 804 2283 verba:
852 2248 1128 2290 „nuovamente
1162 2249 1302 2284 venuta
1336 2246 1377 2284 in
1402 2246 1488 2284 luce
1516 2257 1563 2284 113
1591 2247 1657 2293 piu
1684 2247 1724 2283 in

243 2309 374 2354 lingua
401 2309 539 2345 alcuna
565 2311 794 2355 stampata.“
846 2308 965 2346 Falco
986 2312 1113 2346 autem
1131 2310 1344 2347 versionem
1364 2309 1572 2347 Leoniceni
1590 2313 1725 2347 auctor

244 2373 303 2409 est
329 2375 418 2418 post
444 2371 555 2409 huius
581 2375 743 2410 mortem
762 2372 905 2422 (1524)
930 2373 1080 2411 venisse
1098 2373 1139 2410 in
1156 2384 1289 2410 manus
1308 2373 1473 2411 eiusdem
1493 2373 1725 2411 Bernardini

242 2435 410 2482 Barboii,
451 2435 516 2481 qui
550 2435 828 2482 praefationem
855 2447 963 2474 meae
992 2436 1151 2474 editioni
1184 2429 1442 2484 praepositam
1475 2437 1641 2484 scripsit,
1685 2441 1724 2474 et

244 2500 438 2548 vulgatam
459 2511 541 2538 esse
561 2499 738 2539 Venetiis
759 2501 873 2539 1526.
928 2502 1007 2538 Aut
1034 2502 1106 2539 hoc
1133 2505 1203 2539 aut
1230 2502 1324 2539 illud
1353 2500 1490 2539 falsum
1517 2501 1725 2549 putandum

245 2567 316 2602 est.
372 2563 446 2613 (Of.
478 2564 538 2603 ed.
569 2563 726 2610 Sturzii‚
756 2565 831 2604 vol.
860 2565 946 2612 VII,
976 2576 1065 2612 pag.
1096 2565 1205 2614 564).

349 2628 402 2666 II.
446 2628 534 2668 Non
554 2629 730 2667 omittam
747 2630 787 2667 in
806 2628 880 2668 fine
898 2630 1010 2668 huius
1028 2630 1151 2669 libelli
1170 2641 1214 2668 ea
1234 2629 1380 2678 afferre,
1402 2641 1498 2678 quae
1517 2630 1585 2668 alii
1603 2631 1726 2678 scrip-

245 2697 352 2730 tores
381 2693 427 2730 de
447 2693 777 2740 Vercingetorigis
805 2694 970 2732 adventu
1000 2698 1039 2731 et
1054 2694 1227 2741 gestibus
1241 2695 1400 2732 tradunt
1418 2695 1478 2743 (C.
1495 2694 1542 2733 D.
1560 2695 1623 2741 40,
1644 2695 1725 2740 41).

245 2756 475 2794 Plutarchus
495 2756 623 2804 (Caes.
644 2768 675 2795 G.
699 2758 766 2806 27)
795 2758 891 2796 haec
915 2762 1067 2796 narrat:
1101 2757 1186 2803 „mi
1216 2757 1340 2809 κύκλῳ
1368 2758 1449 2808 περὶ
1476 2759 1535 2796 τὸν
1561 2757 1727 2809 Καίσαρα
