<?xml version="1.0" encoding="UTF-8"?>
<!DOCTYPE html PUBLIC "-//W3C//DTD XHTML 1.0 Transitional//EN"
    "http://www.w3.org/TR/xhtml1/DTD/xhtml1-transitional.dtd">
<html xmlns="http://www.w3.org/1999/xhtml" xml:lang="en" lang="en">
 <head>
  <title>
</title>
<meta http-equiv="Content-Type" content="text/html;charset=utf-8" />
  <meta name='ocr-system' content='tesseract 3.04.00' />
  <meta name='ocr-capabilities' content='ocr_page ocr_carea ocr_par ocr_line ocrx_word'/>
</head>
<body>
  <div class='ocr_page' id='page_1' title='image "4628552_0029.png"; bbox 0 0 2039 3254; ppageno 0'>
   <div class='ocr_carea' id='block_1_1' title="bbox 860 337 1151 377">
    <p class='ocr_par' dir='ltr' id='par_1_1' title="bbox 860 337 1151 377">
     <span class='ocr_line' id='line_1_1' title="bbox 860 337 1151 377; baseline -0.003 -11"><span class='ocrx_word' id='word_1_1' title='bbox 860 337 1151 377; x_wconf 37' lang='lat'><strong>*19—</strong></span> 
     </span>
    </p>
   </div>
   <div class='ocr_carea' id='block_1_2' title="bbox 246 460 1746 2820">
    <p class='ocr_par' dir='ltr' id='par_1_2' title="bbox 264 460 1746 1214">
     <span class='ocr_line' id='line_1_2' title="bbox 269 460 1746 512; baseline 0 -10"><span class='ocrx_word' id='word_1_2' title='bbox 269 464 420 512; x_wconf 86' lang='lat' dir='ltr'><strong>quidem</strong></span> <span class='ocrx_word' id='word_1_3' title='bbox 448 464 624 501; x_wconf 88' lang='lat' dir='ltr'><strong>omittere</strong></span> <span class='ocrx_word' id='word_1_4' title='bbox 652 463 793 510; x_wconf 85' lang='lat' dir='ltr'><strong>possis,</strong></span> <span class='ocrx_word' id='word_1_5' title='bbox 836 462 925 509; x_wconf 88' lang='lat' dir='ltr'><strong>quin</strong></span> <span class='ocrx_word' id='word_1_6' title='bbox 959 460 1071 500; x_wconf 90' lang='lat' dir='ltr'><strong>fidem</strong></span> <span class='ocrx_word' id='word_1_7' title='bbox 1106 466 1145 500; x_wconf 90' lang='lat' dir='ltr'><strong>et</strong></span> <span class='ocrx_word' id='word_1_8' title='bbox 1173 462 1384 501; x_wconf 74' lang='lat' dir='ltr'><strong>utilitatem</strong></span> <span class='ocrx_word' id='word_1_9' title='bbox 1413 463 1534 501; x_wconf 89' lang='lat' dir='ltr'><strong>totius</strong></span> <span class='ocrx_word' id='word_1_10' title='bbox 1563 464 1746 502; x_wconf 89' lang='lat' dir='ltr'><strong>eiusmodi</strong></span> 
     </span>
     <span class='ocr_line' id='line_1_3' title="bbox 267 526 1746 576; baseline 0 -10"><span class='ocrx_word' id='word_1_11' title='bbox 267 533 481 576; x_wconf 90' lang='lat' dir='ltr'><strong>temporum</strong></span> <span class='ocrx_word' id='word_1_12' title='bbox 509 527 773 575; x_wconf 82' lang='lat' dir='ltr'><strong>descriptionis</strong></span> <span class='ocrx_word' id='word_1_13' title='bbox 801 527 928 565; x_wconf 88' lang='lat' dir='ltr'><strong>tollas.</strong></span> <span class='ocrx_word' id='word_1_14' title='bbox 984 526 1044 564; x_wconf 90' lang='lat' dir='ltr'><strong>De</strong></span> <span class='ocrx_word' id='word_1_15' title='bbox 1071 538 1198 564; x_wconf 87' lang='lat' dir='ltr'><strong>rerum</strong></span> <span class='ocrx_word' id='word_1_16' title='bbox 1226 538 1319 565; x_wconf 85' lang='lat' dir='ltr'><strong>vero</strong></span> <span class='ocrx_word' id='word_1_17' title='bbox 1355 528 1478 565; x_wconf 90' lang='lat' dir='ltr'><strong>indice</strong></span> <span class='ocrx_word' id='word_1_18' title='bbox 1507 529 1641 566; x_wconf 88' lang='lat' dir='ltr'><strong>eadem</strong></span> <span class='ocrx_word' id='word_1_19' title='bbox 1669 529 1746 566; x_wconf 89' lang='lat' dir='ltr'><strong>dici</strong></span> 
     </span>
     <span class='ocr_line' id='line_1_4' title="bbox 267 591 1745 640; baseline 0 -10"><span class='ocrx_word' id='word_1_20' title='bbox 267 603 343 630; x_wconf 90' lang='lat' dir='ltr'><strong>non</strong></span> <span class='ocrx_word' id='word_1_21' title='bbox 370 596 540 639; x_wconf 84' lang='lat' dir='ltr'><strong>possunt,</strong></span> <span class='ocrx_word' id='word_1_22' title='bbox 571 602 655 629; x_wconf 90' lang='lat' dir='ltr'><strong>cum</strong></span> <span class='ocrx_word' id='word_1_23' title='bbox 682 592 746 629; x_wconf 90' lang='grc'><strong>1110</strong></span> <span class='ocrx_word' id='word_1_24' title='bbox 774 591 923 629; x_wconf 88' lang='lat' dir='ltr'><strong>nonnisi</strong></span> <span class='ocrx_word' id='word_1_25' title='bbox 950 592 1200 638; x_wconf 83' lang='lat' dir='ltr'><strong>gravissimas</strong></span> <span class='ocrx_word' id='word_1_26' title='bbox 1227 603 1288 629; x_wconf 88' lang='lat' dir='ltr'><strong>res</strong></span> <span class='ocrx_word' id='word_1_27' title='bbox 1316 592 1355 629; x_wconf 89' lang='lat' dir='ltr'><strong>in</strong></span> <span class='ocrx_word' id='word_1_28' title='bbox 1382 592 1480 629; x_wconf 91' lang='lat' dir='ltr'><strong>libro</strong></span> <span class='ocrx_word' id='word_1_29' title='bbox 1509 593 1745 640; x_wconf 83' lang='lat' dir='ltr'><strong>perscriptas</strong></span> 
     </span>
     <span class='ocr_line' id='line_1_5' title="bbox 267 656 1743 703; baseline 0.001 -9"><span class='ocrx_word' id='word_1_30' title='bbox 267 667 492 694; x_wconf 86' lang='lat' dir='ltr'><strong>enumerare</strong></span> <span class='ocrx_word' id='word_1_31' title='bbox 520 657 649 703; x_wconf 82' lang='lat' dir='ltr'><strong>possit.</strong></span> <span class='ocrx_word' id='word_1_32' title='bbox 706 656 867 694; x_wconf 83' lang='lat' dir='ltr'><strong>Accedit</strong></span> <span class='ocrx_word' id='word_1_33' title='bbox 894 667 957 693; x_wconf 87' lang='lat' dir='ltr'><strong>res</strong></span> <span class='ocrx_word' id='word_1_34' title='bbox 985 656 1192 703; x_wconf 87' lang='lat' dir='ltr'><strong>praecipue</strong></span> <span class='ocrx_word' id='word_1_35' title='bbox 1221 656 1492 695; x_wconf 88' lang='lat' dir='ltr'><strong>memorabilis.</strong></span> <span class='ocrx_word' id='word_1_36' title='bbox 1547 657 1665 695; x_wconf 83' lang='lat' dir='ltr'><strong>Liber</strong></span> <span class='ocrx_word' id='word_1_37' title='bbox 1693 657 1743 695; x_wconf 86' lang='lat'><strong>58</strong></span> 
     </span>
     <span class='ocr_line' id='line_1_6' title="bbox 265 719 1745 770; baseline -0.001 -12"><span class='ocrx_word' id='word_1_38' title='bbox 265 721 310 758; x_wconf 90' lang='grc' dir='ltr'><strong>Β.</strong></span> <span class='ocrx_word' id='word_1_39' title='bbox 339 720 490 767; x_wconf 79' lang='lat' dir='ltr'><strong>incipit:</strong></span> <span class='ocrx_word' id='word_1_40' title='bbox 536 719 769 769; x_wconf 82' lang='grc' dir='ltr'>Ἀπεδήμησε</span> <span class='ocrx_word' id='word_1_41' title='bbox 812 719 851 756; x_wconf 83' lang='grc' dir='ltr'><strong>δὲ</strong></span> <span class='ocrx_word' id='word_1_42' title='bbox 893 719 985 756; x_wconf 75' lang='grc' dir='ltr'>κατὰ</span> <span class='ocrx_word' id='word_1_43' title='bbox 1020 719 1080 756; x_wconf 82' lang='grc' dir='ltr'><strong>τὸν</strong></span> <span class='ocrx_word' id='word_1_44' title='bbox 1115 719 1238 769; x_wconf 80' lang='grc' dir='ltr'>καιρὸν</span> <span class='ocrx_word' id='word_1_45' title='bbox 1268 720 1393 757; x_wconf 72' lang='grc' dir='ltr'>τοῦτον</span> <span class='ocrx_word' id='word_1_46' title='bbox 1424 720 1463 768; x_wconf 75' lang='grc' dir='ltr'><strong>(ὁ</strong></span> <span class='ocrx_word' id='word_1_47' title='bbox 1492 719 1673 770; x_wconf 77' lang='grc' dir='ltr'>Τιβήριος)</span> <span class='ocrx_word' id='word_1_48' title='bbox 1703 720 1745 758; x_wconf 73' lang='grc' dir='ltr'><strong>ἐκ</strong></span> 
     </span>
     <span class='ocr_line' id='line_1_7' title="bbox 265 782 1742 833; baseline 0 -12"><span class='ocrx_word' id='word_1_49' title='bbox 265 786 329 833; x_wconf 78' lang='grc' dir='ltr'><strong>τῆς</strong></span> <span class='ocrx_word' id='word_1_50' title='bbox 353 782 515 832; x_wconf 86' lang='grc' dir='ltr'>Ῥώμης.</span> <span class='ocrx_word' id='word_1_51' title='bbox 572 782 769 821; x_wconf 84' lang='lat' dir='ltr'><strong>Tiberium</strong></span> <span class='ocrx_word' id='word_1_52' title='bbox 810 783 851 820; x_wconf 92' lang='lat' dir='ltr'><strong>in</strong></span> <span class='ocrx_word' id='word_1_53' title='bbox 892 783 1138 830; x_wconf 84' lang='lat' dir='ltr'><strong>Campaniam</strong></span> <span class='ocrx_word' id='word_1_54' title='bbox 1178 784 1391 830; x_wconf 85' lang='lat' dir='ltr'><strong>profectum</strong></span> <span class='ocrx_word' id='word_1_55' title='bbox 1435 795 1518 821; x_wconf 88' lang='lat' dir='ltr'><strong>esse</strong></span> <span class='ocrx_word' id='word_1_56' title='bbox 1558 795 1656 821; x_wconf 87' lang='lat' dir='ltr'><strong>anno</strong></span> <span class='ocrx_word' id='word_1_57' title='bbox 1692 785 1742 821; x_wconf 83' lang='lat'><strong>26</strong></span> 
     </span>
     <span class='ocr_line' id='line_1_8' title="bbox 267 846 1739 893; baseline -0.001 -8"><span class='ocrx_word' id='word_1_58' title='bbox 267 850 438 891; x_wconf 76' lang='lat' dir='ltr'><strong>constat3</strong></span> <span class='ocrx_word' id='word_1_59' title='bbox 468 857 565 893; x_wconf 88' lang='lat' dir='ltr'><strong>quae</strong></span> <span class='ocrx_word' id='word_1_60' title='bbox 593 850 721 884; x_wconf 85' lang='lat' dir='ltr'><strong>autem</strong></span> <span class='ocrx_word' id='word_1_61' title='bbox 748 846 881 884; x_wconf 90' lang='lat' dir='ltr'><strong>ultimo</strong></span> <span class='ocrx_word' id='word_1_62' title='bbox 911 847 1036 893; x_wconf 89' lang='lat' dir='ltr'><strong>capite</strong></span> <span class='ocrx_word' id='word_1_63' title='bbox 1064 847 1153 884; x_wconf 91' lang='lat' dir='ltr'><strong>libri</strong></span> <span class='ocrx_word' id='word_1_64' title='bbox 1181 848 1230 884; x_wconf 83' lang='lat'><strong>57</strong></span> <span class='ocrx_word' id='word_1_65' title='bbox 1250 847 1286 884; x_wconf 92' lang='grc' dir='ltr'>Β</span> <span class='ocrx_word' id='word_1_66' title='bbox 1315 851 1532 893; x_wconf 85' lang='lat' dir='ltr'><strong>narrantur,</strong></span> <span class='ocrx_word' id='word_1_67' title='bbox 1561 859 1659 884; x_wconf 89' lang='lat' dir='ltr'><strong>anno</strong></span> <span class='ocrx_word' id='word_1_68' title='bbox 1691 848 1739 884; x_wconf 88' lang='grc'><strong>25</strong></span> 
     </span>
     <span class='ocr_line' id='line_1_9' title="bbox 264 910 1741 949; baseline -0.001 -1"><span class='ocrx_word' id='word_1_69' title='bbox 264 911 371 948; x_wconf 83' lang='lat' dir='ltr'><strong>facta</strong></span> <span class='ocrx_word' id='word_1_70' title='bbox 398 921 480 948; x_wconf 87' lang='lat' dir='ltr'><strong>esse</strong></span> <span class='ocrx_word' id='word_1_71' title='bbox 509 910 650 948; x_wconf 89' lang='lat' dir='ltr'><strong>collata</strong></span> <span class='ocrx_word' id='word_1_72' title='bbox 684 910 756 947; x_wconf 89' lang='lat' dir='ltr'><strong>hac</strong></span> <span class='ocrx_word' id='word_1_73' title='bbox 789 910 1010 947; x_wconf 85' lang='lat' dir='ltr'><strong>narratione</strong></span> <span class='ocrx_word' id='word_1_74' title='bbox 1045 921 1129 948; x_wconf 85' lang='lat' dir='ltr'><strong>cum</strong></span> <span class='ocrx_word' id='word_1_75' title='bbox 1162 911 1261 948; x_wconf 91' lang='lat' dir='ltr'><strong>libro</strong></span> <span class='ocrx_word' id='word_1_76' title='bbox 1290 910 1349 949; x_wconf 91' lang='lat' dir='ltr'><strong>IV</strong></span> <span class='ocrx_word' id='word_1_77' title='bbox 1384 911 1512 949; x_wconf 86' lang='lat' dir='ltr'><strong>Taciti</strong></span> <span class='ocrx_word' id='word_1_78' title='bbox 1546 912 1741 949; x_wconf 85' lang='lat' dir='ltr'><strong>annalium</strong></span> 
     </span>
     <span class='ocr_line' id='line_1_10' title="bbox 264 974 1742 1028; baseline 0 -15"><span class='ocrx_word' id='word_1_79' title='bbox 264 975 535 1022; x_wconf 75' lang='lat' dir='ltr'><strong>intellegimus.</strong></span> <span class='ocrx_word' id='word_1_80' title='bbox 590 974 697 1021; x_wconf 88' lang='lat' dir='ltr'><strong>Ergo</strong></span> <span class='ocrx_word' id='word_1_81' title='bbox 725 974 820 1012; x_wconf 90' lang='lat' dir='ltr'><strong>illud</strong></span> <span class='ocrx_word' id='word_1_82' title='bbox 849 974 966 1028; x_wconf 61' lang='lat' dir='ltr'><strong>„nard</strong></span> <span class='ocrx_word' id='word_1_83' title='bbox 993 974 1053 1011; x_wconf 85' lang='grc' dir='ltr'><strong>τὸν</strong></span> <span class='ocrx_word' id='word_1_84' title='bbox 1083 975 1205 1024; x_wconf 79' lang='grc' dir='ltr'>καιρὸν</span> <span class='ocrx_word' id='word_1_85' title='bbox 1233 976 1384 1012; x_wconf 75' lang='grc' dir='ltr'>τοῦτον“</span> <span class='ocrx_word' id='word_1_86' title='bbox 1421 987 1496 1013; x_wconf 84' lang='grc'><strong>11011</strong></span> <span class='ocrx_word' id='word_1_87' title='bbox 1530 976 1580 1013; x_wconf 84' lang='lat' dir='ltr'><strong>ad</strong></span> <span class='ocrx_word' id='word_1_88' title='bbox 1612 987 1673 1014; x_wconf 85' lang='lat' dir='ltr'><strong>res</strong></span> <span class='ocrx_word' id='word_1_89' title='bbox 1702 977 1742 1013; x_wconf 88' lang='lat' dir='ltr'><strong>in</strong></span> 
     </span>
     <span class='ocr_line' id='line_1_11' title="bbox 264 1038 1741 1086; baseline -0.001 -9"><span class='ocrx_word' id='word_1_90' title='bbox 264 1038 339 1077; x_wconf 89' lang='lat' dir='ltr'><strong>fine</strong></span> <span class='ocrx_word' id='word_1_91' title='bbox 367 1039 458 1077; x_wconf 86' lang='lat' dir='ltr'><strong>libri</strong></span> <span class='ocrx_word' id='word_1_92' title='bbox 486 1040 536 1077; x_wconf 85' lang='lat'><strong>57</strong></span> <span class='ocrx_word' id='word_1_93' title='bbox 556 1038 627 1076; x_wconf 88' lang='lat' dir='ltr'><strong>Bk.</strong></span> <span class='ocrx_word' id='word_1_94' title='bbox 657 1042 834 1076; x_wconf 86' lang='lat' dir='ltr'><strong>narratas</strong></span> <span class='ocrx_word' id='word_1_95' title='bbox 861 1038 1002 1076; x_wconf 83' lang='lat' dir='ltr'><strong>referri</strong></span> <span class='ocrx_word' id='word_1_96' title='bbox 1029 1042 1169 1086; x_wconf 79' lang='lat' dir='ltr'><strong>potest.</strong></span> <span class='ocrx_word' id='word_1_97' title='bbox 1199 1043 1241 1076; x_wconf 92' lang='lat' dir='ltr'><strong>ut</strong></span> <span class='ocrx_word' id='word_1_98' title='bbox 1268 1040 1405 1077; x_wconf 87' lang='lat' dir='ltr'><strong>lacuna</strong></span> <span class='ocrx_word' id='word_1_99' title='bbox 1432 1041 1505 1077; x_wconf 90' lang='lat' dir='ltr'><strong>hoc</strong></span> <span class='ocrx_word' id='word_1_100' title='bbox 1532 1040 1617 1077; x_wconf 93' lang='lat' dir='ltr'><strong>loco</strong></span> <span class='ocrx_word' id='word_1_101' title='bbox 1648 1051 1741 1078; x_wconf 89' lang='lat' dir='ltr'><strong>con-</strong></span> 
     </span>
     <span class='ocr_line' id='line_1_12' title="bbox 266 1103 1740 1151; baseline -0.001 -10"><span class='ocrx_word' id='word_1_102' title='bbox 266 1104 461 1141; x_wconf 85' lang='lat' dir='ltr'><strong>stituenda</strong></span> <span class='ocrx_word' id='word_1_103' title='bbox 489 1104 552 1145; x_wconf 87' lang='lat' dir='ltr'><strong>sit,</strong></span> <span class='ocrx_word' id='word_1_104' title='bbox 581 1114 679 1149; x_wconf 87' lang='lat' dir='ltr'><strong>quae</strong></span> <span class='ocrx_word' id='word_1_105' title='bbox 707 1103 797 1140; x_wconf 91' lang='lat' dir='ltr'><strong>olim</strong></span> <span class='ocrx_word' id='word_1_106' title='bbox 825 1103 1013 1140; x_wconf 86' lang='lat' dir='ltr'><strong>relatione</strong></span> <span class='ocrx_word' id='word_1_107' title='bbox 1042 1114 1171 1140; x_wconf 82' lang='lat' dir='ltr'><strong>rerum</strong></span> <span class='ocrx_word' id='word_1_108' title='bbox 1191 1114 1287 1140; x_wconf 89' lang='lat' dir='ltr'><strong>anno</strong></span> <span class='ocrx_word' id='word_1_109' title='bbox 1307 1104 1370 1141; x_wconf 85' lang='grc'><strong>26.</strong></span> <span class='ocrx_word' id='word_1_110' title='bbox 1392 1107 1431 1140; x_wconf 89' lang='lat' dir='ltr'><strong>et</strong></span> <span class='ocrx_word' id='word_1_111' title='bbox 1451 1104 1512 1140; x_wconf 83' lang='lat'><strong>27.</strong></span> <span class='ocrx_word' id='word_1_112' title='bbox 1533 1111 1740 1151; x_wconf 84' lang='lat' dir='ltr'><strong>gestarum,</strong></span> 
     </span>
     <span class='ocr_line' id='line_1_13' title="bbox 264 1166 1475 1214; baseline -0.001 -9"><span class='ocrx_word' id='word_1_113' title='bbox 264 1167 428 1205; x_wconf 83' lang='lat' dir='ltr'><strong>fortasse</strong></span> <span class='ocrx_word' id='word_1_114' title='bbox 458 1167 573 1205; x_wconf 89' lang='lat' dir='ltr'><strong>etiam</strong></span> <span class='ocrx_word' id='word_1_115' title='bbox 603 1167 678 1213; x_wconf 66' lang='lat'><strong>25„</strong></span> <span class='ocrx_word' id='word_1_116' title='bbox 707 1167 813 1204; x_wconf 88' lang='lat' dir='ltr'><strong>velut</strong></span> <span class='ocrx_word' id='word_1_117' title='bbox 839 1167 973 1205; x_wconf 89' lang='lat' dir='ltr'><strong>mortis</strong></span> <span class='ocrx_word' id='word_1_118' title='bbox 1001 1166 1169 1210; x_wconf 87' lang='lat' dir='ltr'><strong>Lentuli,</strong></span> <span class='ocrx_word' id='word_1_119' title='bbox 1199 1167 1352 1214; x_wconf 84' lang='lat' dir='ltr'><strong>expleta</strong></span> <span class='ocrx_word' id='word_1_120' title='bbox 1379 1171 1475 1204; x_wconf 85' lang='lat' dir='ltr'><strong>erat.</strong></span> 
     </span>
    </p>

    <p class='ocr_par' dir='ltr' id='par_1_3' title="bbox 253 1231 1742 2368">
     <span class='ocr_line' id='line_1_14' title="bbox 372 1231 1742 1278; baseline -0.001 -9"><span class='ocrx_word' id='word_1_121' title='bbox 372 1231 499 1269; x_wconf 88' lang='lat' dir='ltr'><strong>Codex</strong></span> <span class='ocrx_word' id='word_1_122' title='bbox 518 1232 613 1269; x_wconf 88' lang='lat' dir='ltr'><strong>Ven.</strong></span> <span class='ocrx_word' id='word_1_123' title='bbox 635 1231 710 1269; x_wconf 85' lang='lat'><strong>395</strong></span> <span class='ocrx_word' id='word_1_124' title='bbox 732 1232 842 1275; x_wconf 90' lang='lat' dir='ltr'><strong>enim,</strong></span> <span class='ocrx_word' id='word_1_125' title='bbox 873 1242 921 1269; x_wconf 85' lang='lat' dir='ltr'><strong>ex</strong></span> <span class='ocrx_word' id='word_1_126' title='bbox 949 1242 1023 1278; x_wconf 87' lang='lat' dir='ltr'><strong>quo</strong></span> <span class='ocrx_word' id='word_1_127' title='bbox 1054 1235 1199 1269; x_wconf 89' lang='lat' dir='ltr'><strong>ceteros</strong></span> <span class='ocrx_word' id='word_1_128' title='bbox 1228 1232 1379 1269; x_wconf 88' lang='lat' dir='ltr'><strong>codices</strong></span> <span class='ocrx_word' id='word_1_129' title='bbox 1407 1233 1476 1269; x_wconf 88' lang='lat' dir='ltr'><strong>hos</strong></span> <span class='ocrx_word' id='word_1_130' title='bbox 1503 1232 1624 1269; x_wconf 92' lang='lat' dir='ltr'><strong>libros</strong></span> <span class='ocrx_word' id='word_1_131' title='bbox 1654 1243 1742 1270; x_wconf 88' lang='lat' dir='ltr'><strong>con-</strong></span> 
     </span>
     <span class='ocr_line' id='line_1_15' title="bbox 263 1295 1739 1343; baseline 0 -11"><span class='ocrx_word' id='word_1_132' title='bbox 263 1296 432 1333; x_wconf 82' lang='lat' dir='ltr'><strong>tinentes</strong></span> <span class='ocrx_word' id='word_1_133' title='bbox 462 1295 672 1343; x_wconf 88' lang='lat' dir='ltr'><strong>descriptos</strong></span> <span class='ocrx_word' id='word_1_134' title='bbox 700 1305 782 1333; x_wconf 82' lang='lat' dir='ltr'><strong>esse</strong></span> <span class='ocrx_word' id='word_1_135' title='bbox 802 1295 1023 1333; x_wconf 87' lang='lat' dir='ltr'><strong>Boissevain</strong></span> <span class='ocrx_word' id='word_1_136' title='bbox 1051 1298 1185 1333; x_wconf 87' lang='lat' dir='ltr'><strong>auctor</strong></span> <span class='ocrx_word' id='word_1_137' title='bbox 1214 1298 1282 1343; x_wconf 87' lang='lat' dir='ltr'><strong>est,</strong></span> <span class='ocrx_word' id='word_1_138' title='bbox 1314 1295 1453 1333; x_wconf 87' lang='lat' dir='ltr'><strong>desinit</strong></span> <span class='ocrx_word' id='word_1_139' title='bbox 1479 1296 1555 1333; x_wconf 89' lang='lat' dir='ltr'><strong>iam</strong></span> <span class='ocrx_word' id='word_1_140' title='bbox 1583 1295 1666 1333; x_wconf 91' lang='lat' dir='ltr'><strong>inl.</strong></span> <span class='ocrx_word' id='word_1_141' title='bbox 1691 1297 1739 1333; x_wconf 86' lang='lat'><strong>57</strong></span> 
     </span>
     <span class='ocr_line' id='line_1_16' title="bbox 266 1360 1741 1406; baseline -0.001 -9"><span class='ocrx_word' id='word_1_142' title='bbox 266 1371 298 1398; x_wconf 91' lang='grc'><strong>0.</strong></span> <span class='ocrx_word' id='word_1_143' title='bbox 330 1362 377 1396; x_wconf 86' lang='grc'><strong>17</strong></span> <span class='ocrx_word' id='word_1_144' title='bbox 421 1371 491 1397; x_wconf 88' lang='grc'><strong>1100</strong></span> <span class='ocrx_word' id='word_1_145' title='bbox 532 1360 639 1406; x_wconf 88' lang='lat' dir='ltr'><strong>prius</strong></span> <span class='ocrx_word' id='word_1_146' title='bbox 681 1360 815 1406; x_wconf 90' lang='lat' dir='ltr'><strong>incipit</strong></span> <span class='ocrx_word' id='word_1_147' title='bbox 858 1371 969 1405; x_wconf 88' lang='lat' dir='ltr'><strong>quam</strong></span> <span class='ocrx_word' id='word_1_148' title='bbox 1011 1361 1050 1396; x_wconf 90' lang='lat' dir='ltr'><strong>in</strong></span> <span class='ocrx_word' id='word_1_149' title='bbox 1084 1361 1108 1396; x_wconf 94' lang='lat' dir='ltr'><strong>l.</strong></span> <span class='ocrx_word' id='word_1_150' title='bbox 1141 1361 1190 1397; x_wconf 88' lang='lat'><strong>58</strong></span> <span class='ocrx_word' id='word_1_151' title='bbox 1223 1371 1255 1396; x_wconf 90' lang='lat' dir='ltr'><strong>c.</strong></span> <span class='ocrx_word' id='word_1_152' title='bbox 1294 1361 1328 1397; x_wconf 85' lang='lat'><strong>7.</strong></span> <span class='ocrx_word' id='word_1_153' title='bbox 1384 1360 1579 1397; x_wconf 86' lang='lat' dir='ltr'><strong>Lacunam</strong></span> <span class='ocrx_word' id='word_1_154' title='bbox 1613 1364 1741 1398; x_wconf 90' lang='lat' dir='ltr'><strong>autem</strong></span> 
     </span>
     <span class='ocr_line' id='line_1_17' title="bbox 262 1422 1739 1471; baseline 0.001 -11"><span class='ocrx_word' id='word_1_155' title='bbox 262 1424 427 1461; x_wconf 87' lang='lat' dir='ltr'><strong>maxime</strong></span> <span class='ocrx_word' id='word_1_156' title='bbox 457 1435 504 1461; x_wconf 87' lang='lat' dir='ltr'><strong>ex</strong></span> <span class='ocrx_word' id='word_1_157' title='bbox 530 1422 733 1471; x_wconf 88' lang='lat' dir='ltr'><strong>Xiphilino</strong></span> <span class='ocrx_word' id='word_1_158' title='bbox 761 1423 800 1460; x_wconf 90' lang='grc'><strong>111</strong></span> <span class='ocrx_word' id='word_1_159' title='bbox 829 1423 968 1461; x_wconf 88' lang='lat' dir='ltr'><strong>ceteris</strong></span> <span class='ocrx_word' id='word_1_160' title='bbox 995 1423 1072 1461; x_wconf 89' lang='lat' dir='ltr'><strong>illis</strong></span> <span class='ocrx_word' id='word_1_161' title='bbox 1100 1423 1292 1461; x_wconf 85' lang='lat' dir='ltr'><strong>codicibus</strong></span> <span class='ocrx_word' id='word_1_162' title='bbox 1326 1423 1517 1471; x_wconf 85' lang='lat' dir='ltr'><strong>expletam</strong></span> <span class='ocrx_word' id='word_1_163' title='bbox 1552 1433 1634 1461; x_wconf 85' lang='lat' dir='ltr'><strong>esse</strong></span> <span class='ocrx_word' id='word_1_164' title='bbox 1661 1424 1739 1461; x_wconf 87' lang='lat' dir='ltr'><strong>iam</strong></span> 
     </span>
     <span class='ocr_line' id='line_1_18' title="bbox 263 1487 1738 1535; baseline 0 -10"><span class='ocrx_word' id='word_1_165' title='bbox 263 1491 523 1535; x_wconf 84' lang='lat' dir='ltr'><strong>cognoverunt</strong></span> <span class='ocrx_word' id='word_1_166' title='bbox 550 1488 728 1526; x_wconf 87' lang='lat' dir='ltr'><strong>editores.</strong></span> <span class='ocrx_word' id='word_1_167' title='bbox 784 1487 918 1534; x_wconf 88' lang='lat' dir='ltr'><strong>Neque</strong></span> <span class='ocrx_word' id='word_1_168' title='bbox 947 1498 1039 1526; x_wconf 85' lang='lat' dir='ltr'><strong>vero</strong></span> <span class='ocrx_word' id='word_1_169' title='bbox 1065 1487 1258 1535; x_wconf 90' lang='lat' dir='ltr'><strong>Xiphilini</strong></span> <span class='ocrx_word' id='word_1_170' title='bbox 1286 1488 1427 1525; x_wconf 85' lang='lat' dir='ltr'><strong>auxilio</strong></span> <span class='ocrx_word' id='word_1_171' title='bbox 1458 1489 1628 1525; x_wconf 89' lang='lat' dir='ltr'><strong>contenti</strong></span> <span class='ocrx_word' id='word_1_172' title='bbox 1656 1498 1738 1525; x_wconf 87' lang='lat' dir='ltr'><strong>esse</strong></span> 
     </span>
     <span class='ocr_line' id='line_1_19' title="bbox 261 1551 1738 1599; baseline -0.001 -10"><span class='ocrx_word' id='word_1_173' title='bbox 261 1561 477 1599; x_wconf 89' lang='lat' dir='ltr'><strong>possumus;</strong></span> <span class='ocrx_word' id='word_1_174' title='bbox 506 1562 594 1589; x_wconf 90' lang='lat' dir='ltr'><strong>nam</strong></span> <span class='ocrx_word' id='word_1_175' title='bbox 623 1551 687 1589; x_wconf 92' lang='grc'><strong>1110</strong></span> <span class='ocrx_word' id='word_1_176' title='bbox 716 1562 860 1598; x_wconf 90' lang='lat' dir='ltr'><strong>quoque</strong></span> <span class='ocrx_word' id='word_1_177' title='bbox 889 1552 935 1589; x_wconf 91' lang='lat' dir='ltr'><strong>de</strong></span> <span class='ocrx_word' id='word_1_178' title='bbox 962 1552 1077 1589; x_wconf 88' lang='lat' dir='ltr'><strong>rebus</strong></span> <span class='ocrx_word' id='word_1_179' title='bbox 1106 1552 1214 1589; x_wconf 91' lang='lat' dir='ltr'><strong>annis</strong></span> <span class='ocrx_word' id='word_1_180' title='bbox 1244 1552 1306 1590; x_wconf 84' lang='grc'><strong>26.</strong></span> <span class='ocrx_word' id='word_1_181' title='bbox 1336 1554 1375 1589; x_wconf 89' lang='lat' dir='ltr'><strong>et</strong></span> <span class='ocrx_word' id='word_1_182' title='bbox 1404 1552 1466 1589; x_wconf 84' lang='lat'><strong>27.</strong></span> <span class='ocrx_word' id='word_1_183' title='bbox 1496 1551 1613 1599; x_wconf 86' lang='lat' dir='ltr'><strong>gestis</strong></span> <span class='ocrx_word' id='word_1_184' title='bbox 1641 1552 1738 1589; x_wconf 88' lang='lat' dir='ltr'><strong>nihil</strong></span> 
     </span>
     <span class='ocr_line' id='line_1_20' title="bbox 262 1615 1739 1665; baseline 0 -12"><span class='ocrx_word' id='word_1_185' title='bbox 262 1615 395 1660; x_wconf 85' lang='lat' dir='ltr'><strong>tradit,</strong></span> <span class='ocrx_word' id='word_1_186' title='bbox 439 1615 513 1653; x_wconf 90' lang='lat' dir='ltr'><strong>nisi</strong></span> <span class='ocrx_word' id='word_1_187' title='bbox 554 1626 650 1662; x_wconf 83' lang='lat' dir='ltr'><strong>quae</strong></span> <span class='ocrx_word' id='word_1_188' title='bbox 684 1616 816 1663; x_wconf 88' lang='lat' dir='ltr'><strong>paucis</strong></span> <span class='ocrx_word' id='word_1_189' title='bbox 849 1616 928 1654; x_wconf 90' lang='lat' dir='ltr'><strong>illis</strong></span> <span class='ocrx_word' id='word_1_190' title='bbox 955 1616 1082 1654; x_wconf 87' lang='lat' dir='ltr'><strong>verbis</strong></span> <span class='ocrx_word' id='word_1_191' title='bbox 1110 1615 1321 1665; x_wconf 80' lang='grc' dir='ltr'>ἀπεδήμησε</span> <span class='ocrx_word' id='word_1_192' title='bbox 1352 1638 1399 1642; x_wconf 93' lang='grc'><strong>-</strong></span> <span class='ocrx_word' id='word_1_193' title='bbox 1431 1615 1739 1665; x_wconf 74' lang='grc' dir='ltr'>ἐπαγγελλόμενος</span> 
     </span>
     <span class='ocr_line' id='line_1_21' title="bbox 262 1678 1737 1729; baseline 0 -13"><span class='ocrx_word' id='word_1_194' title='bbox 262 1680 517 1717; x_wconf 88' lang='lat' dir='ltr'><strong>continentur.</strong></span> <span class='ocrx_word' id='word_1_195' title='bbox 573 1680 626 1716; x_wconf 86' lang='lat' dir='ltr'><strong>Et</strong></span> <span class='ocrx_word' id='word_1_196' title='bbox 653 1680 753 1725; x_wconf 90' lang='lat' dir='ltr'><strong>quod</strong></span> <span class='ocrx_word' id='word_1_197' title='bbox 780 1680 828 1717; x_wconf 86' lang='lat' dir='ltr'><strong>ab</strong></span> <span class='ocrx_word' id='word_1_198' title='bbox 856 1681 966 1717; x_wconf 90' lang='lat' dir='ltr'><strong>initio</strong></span> <span class='ocrx_word' id='word_1_199' title='bbox 996 1680 1131 1727; x_wconf 87' lang='lat' dir='ltr'><strong>capitis</strong></span> <span class='ocrx_word' id='word_1_200' title='bbox 1157 1681 1192 1717; x_wconf 92' lang='grc'><strong>2.</strong></span> <span class='ocrx_word' id='word_1_201' title='bbox 1214 1681 1398 1726; x_wconf 86' lang='lat' dir='ltr'><strong>scriptum</strong></span> <span class='ocrx_word' id='word_1_202' title='bbox 1417 1684 1491 1717; x_wconf 91' lang='lat' dir='ltr'><strong>est:</strong></span> <span class='ocrx_word' id='word_1_203' title='bbox 1524 1679 1560 1716; x_wconf 82' lang='grc' dir='ltr'><strong>ἐν</strong></span> <span class='ocrx_word' id='word_1_204' title='bbox 1581 1679 1621 1716; x_wconf 79' lang='grc' dir='ltr'><strong>δὲ</strong></span> <span class='ocrx_word' id='word_1_205' title='bbox 1640 1678 1737 1729; x_wconf 80' lang='grc' dir='ltr'>αὐτῷ</span> 
     </span>
     <span class='ocr_line' id='line_1_22' title="bbox 259 1742 1739 1794; baseline -0.001 -12"><span class='ocrx_word' id='word_1_206' title='bbox 259 1743 376 1794; x_wconf 80' lang='grc' dir='ltr'>τούτῳ</span> <span class='ocrx_word' id='word_1_207' title='bbox 404 1743 526 1794; x_wconf 81' lang='grc' dir='ltr'>χρόνῳ</span> <span class='ocrx_word' id='word_1_208' title='bbox 555 1742 614 1782; x_wconf 82' lang='grc' dir='ltr'><strong>καὶ</strong></span> <span class='ocrx_word' id='word_1_209' title='bbox 642 1742 773 1781; x_wconf 77' lang='grc' dir='ltr'>Λιουΐα</span> <span class='ocrx_word' id='word_1_210' title='bbox 802 1743 1042 1793; x_wconf 80' lang='grc' dir='ltr'>μετήλλαξεν,</span> <span class='ocrx_word' id='word_1_211' title='bbox 1079 1755 1164 1782; x_wconf 86' lang='grc'><strong>011111</strong></span> <span class='ocrx_word' id='word_1_212' title='bbox 1198 1745 1271 1782; x_wconf 83' lang='grc'><strong>1100</strong></span> <span class='ocrx_word' id='word_1_213' title='bbox 1305 1755 1403 1782; x_wconf 82' lang='lat' dir='ltr'><strong>anno</strong></span> <span class='ocrx_word' id='word_1_214' title='bbox 1434 1744 1483 1781; x_wconf 83' lang='lat'><strong>29</strong></span> <span class='ocrx_word' id='word_1_215' title='bbox 1513 1744 1657 1782; x_wconf 75' lang='lat' dir='ltr'><strong>factum</strong></span> <span class='ocrx_word' id='word_1_216' title='bbox 1686 1744 1739 1782; x_wconf 79' lang='lat' dir='ltr'><strong>sit</strong></span> 
     </span>
     <span class='ocr_line' id='line_1_23' title="bbox 260 1807 1741 1856; baseline 0 -11"><span class='ocrx_word' id='word_1_217' title='bbox 260 1807 332 1856; x_wconf 84' lang='lat' dir='ltr'><strong>(cf.</strong></span> <span class='ocrx_word' id='word_1_218' title='bbox 360 1807 452 1845; x_wconf 80' lang='lat' dir='ltr'><strong>Tac.</strong></span> <span class='ocrx_word' id='word_1_219' title='bbox 488 1818 574 1846; x_wconf 90' lang='grc'><strong>31111.</strong></span> <span class='ocrx_word' id='word_1_220' title='bbox 603 1807 653 1853; x_wconf 88' lang='lat' dir='ltr'><strong>V,</strong></span> <span class='ocrx_word' id='word_1_221' title='bbox 685 1807 737 1856; x_wconf 89' lang='lat'><strong>1),</strong></span> <span class='ocrx_word' id='word_1_222' title='bbox 766 1819 829 1845; x_wconf 88' lang='lat' dir='ltr'><strong>res</strong></span> <span class='ocrx_word' id='word_1_223' title='bbox 859 1810 988 1845; x_wconf 90' lang='lat' dir='ltr'><strong>autem</strong></span> <span class='ocrx_word' id='word_1_224' title='bbox 1015 1808 1054 1845; x_wconf 90' lang='lat' dir='ltr'><strong>in</strong></span> <span class='ocrx_word' id='word_1_225' title='bbox 1082 1819 1112 1845; x_wconf 89' lang='lat' dir='ltr'><strong>c.</strong></span> <span class='ocrx_word' id='word_1_226' title='bbox 1148 1810 1165 1845; x_wconf 91' lang='lat'>1</span> <span class='ocrx_word' id='word_1_227' title='bbox 1197 1812 1376 1845; x_wconf 84' lang='lat' dir='ltr'><strong>narratas</strong></span> <span class='ocrx_word' id='word_1_228' title='bbox 1404 1818 1502 1845; x_wconf 91' lang='lat' dir='ltr'><strong>anno</strong></span> <span class='ocrx_word' id='word_1_229' title='bbox 1532 1809 1594 1846; x_wconf 89' lang='grc'><strong>28.</strong></span> <span class='ocrx_word' id='word_1_230' title='bbox 1614 1811 1741 1854; x_wconf 82' lang='lat' dir='ltr'><strong>gestas</strong></span> 
     </span>
     <span class='ocr_line' id='line_1_24' title="bbox 259 1872 1740 1919; baseline -0.001 -9"><span class='ocrx_word' id='word_1_231' title='bbox 259 1883 344 1911; x_wconf 85' lang='lat' dir='ltr'><strong>esse</strong></span> <span class='ocrx_word' id='word_1_232' title='bbox 374 1875 533 1917; x_wconf 90' lang='lat' dir='ltr'><strong>constet,</strong></span> <span class='ocrx_word' id='word_1_233' title='bbox 562 1872 646 1909; x_wconf 87' lang='lat' dir='ltr'><strong>fieri</strong></span> <span class='ocrx_word' id='word_1_234' title='bbox 673 1883 750 1910; x_wconf 90' lang='lat' dir='ltr'><strong>non</strong></span> <span class='ocrx_word' id='word_1_235' title='bbox 778 1875 917 1919; x_wconf 87' lang='lat' dir='ltr'><strong>potest,</strong></span> <span class='ocrx_word' id='word_1_236' title='bbox 955 1872 1045 1918; x_wconf 89' lang='lat' dir='ltr'><strong>quin</strong></span> <span class='ocrx_word' id='word_1_237' title='bbox 1073 1873 1190 1910; x_wconf 85' lang='lat' dir='ltr'><strong>etiam</strong></span> <span class='ocrx_word' id='word_1_238' title='bbox 1218 1876 1308 1910; x_wconf 86' lang='lat' dir='ltr'><strong>ante</strong></span> <span class='ocrx_word' id='word_1_239' title='bbox 1337 1883 1368 1909; x_wconf 91' lang='grc'><strong>0.</strong></span> <span class='ocrx_word' id='word_1_240' title='bbox 1399 1873 1422 1910; x_wconf 94' lang='grc'><strong>2</strong></span> <span class='ocrx_word' id='word_1_241' title='bbox 1450 1873 1624 1909; x_wconf 86' lang='lat' dir='ltr'><strong>lacunam</strong></span> <span class='ocrx_word' id='word_1_242' title='bbox 1652 1882 1740 1909; x_wconf 89' lang='lat' dir='ltr'><strong>con·</strong></span> 
     </span>
     <span class='ocr_line' id='line_1_25' title="bbox 257 1935 1737 1983; baseline -0.001 -10"><span class='ocrx_word' id='word_1_243' title='bbox 257 1936 474 1973; x_wconf 87' lang='lat' dir='ltr'><strong>stituamus.</strong></span> <span class='ocrx_word' id='word_1_244' title='bbox 531 1935 728 1983; x_wconf 77' lang='lat' dir='ltr'><strong>Quomodo</strong></span> <span class='ocrx_word' id='word_1_245' title='bbox 757 1940 885 1973; x_wconf 89' lang='lat' dir='ltr'><strong>autem</strong></span> <span class='ocrx_word' id='word_1_246' title='bbox 914 1936 987 1973; x_wconf 87' lang='lat' dir='ltr'><strong>hae</strong></span> <span class='ocrx_word' id='word_1_247' title='bbox 1015 1936 1176 1973; x_wconf 88' lang='lat' dir='ltr'><strong>lacunae</strong></span> <span class='ocrx_word' id='word_1_248' title='bbox 1205 1939 1313 1973; x_wconf 86' lang='lat' dir='ltr'><strong>ortae</strong></span> <span class='ocrx_word' id='word_1_249' title='bbox 1333 1936 1421 1982; x_wconf 86' lang='lat' dir='ltr'><strong>sint,</strong></span> <span class='ocrx_word' id='word_1_250' title='bbox 1451 1939 1580 1972; x_wconf 89' lang='lat' dir='ltr'><strong>utrum</strong></span> <span class='ocrx_word' id='word_1_251' title='bbox 1599 1935 1737 1982; x_wconf 84' lang='lat' dir='ltr'><strong>Xiphi-</strong></span> 
     </span>
     <span class='ocr_line' id='line_1_26' title="bbox 255 1999 1737 2047; baseline 0 -11"><span class='ocrx_word' id='word_1_252' title='bbox 255 2000 334 2037; x_wconf 92' lang='lat' dir='ltr'><strong>lino</strong></span> <span class='ocrx_word' id='word_1_253' title='bbox 366 2000 440 2047; x_wconf 90' lang='lat' dir='ltr'><strong>ipsi</strong></span> <span class='ocrx_word' id='word_1_254' title='bbox 469 2010 519 2037; x_wconf 87' lang='lat' dir='ltr'><strong>an</strong></span> <span class='ocrx_word' id='word_1_255' title='bbox 548 2000 630 2037; x_wconf 90' lang='lat' dir='ltr'><strong>eius</strong></span> <span class='ocrx_word' id='word_1_256' title='bbox 658 2000 783 2037; x_wconf 89' lang='lat' dir='ltr'><strong>codici</strong></span> <span class='ocrx_word' id='word_1_257' title='bbox 810 2000 887 2037; x_wconf 89' lang='lat' dir='ltr'><strong>iam</strong></span> <span class='ocrx_word' id='word_1_258' title='bbox 916 2000 1125 2046; x_wconf 81' lang='lat' dir='ltr'><strong>depravato</strong></span> <span class='ocrx_word' id='word_1_259' title='bbox 1153 2000 1380 2037; x_wconf 85' lang='lat' dir='ltr'><strong>tribuendae</strong></span> <span class='ocrx_word' id='word_1_260' title='bbox 1408 1999 1496 2043; x_wconf 86' lang='lat' dir='ltr'><strong>sint,</strong></span> <span class='ocrx_word' id='word_1_261' title='bbox 1526 1999 1737 2037; x_wconf 87' lang='lat' dir='ltr'><strong>diiudicare</strong></span> 
     </span>
     <span class='ocr_line' id='line_1_27' title="bbox 255 2063 1739 2112; baseline 0.001 -12"><span class='ocrx_word' id='word_1_262' title='bbox 255 2074 332 2101; x_wconf 88' lang='lat' dir='ltr'><strong>non</strong></span> <span class='ocrx_word' id='word_1_263' title='bbox 362 2063 501 2108; x_wconf 76' lang='lat' dir='ltr'><strong>audeo3</strong></span> <span class='ocrx_word' id='word_1_264' title='bbox 533 2064 565 2101; x_wconf 92' lang='lat' dir='ltr'><strong>si</strong></span> <span class='ocrx_word' id='word_1_265' title='bbox 592 2064 633 2101; x_wconf 92' lang='lat' dir='ltr'><strong>in</strong></span> <span class='ocrx_word' id='word_1_266' title='bbox 650 2063 891 2112; x_wconf 89' lang='lat' dir='ltr'><strong>Xiphilinum</strong></span> <span class='ocrx_word' id='word_1_267' title='bbox 909 2064 1033 2111; x_wconf 88' lang='lat' dir='ltr'><strong>ipsum</strong></span> <span class='ocrx_word' id='word_1_268' title='bbox 1063 2064 1175 2112; x_wconf 91' lang='lat' dir='ltr'><strong>culpa</strong></span> <span class='ocrx_word' id='word_1_269' title='bbox 1202 2063 1469 2102; x_wconf 79' lang='lat' dir='ltr'><strong>transferenda</strong></span> <span class='ocrx_word' id='word_1_270' title='bbox 1497 2063 1560 2109; x_wconf 89' lang='lat' dir='ltr'><strong>sit,</strong></span> <span class='ocrx_word' id='word_1_271' title='bbox 1588 2063 1739 2101; x_wconf 86' lang='lat' dir='ltr'><strong>levissi-</strong></span> 
     </span>
     <span class='ocr_line' id='line_1_28' title="bbox 253 2128 1737 2177; baseline 0 -12"><span class='ocrx_word' id='word_1_272' title='bbox 253 2139 360 2166; x_wconf 90' lang='lat' dir='ltr'><strong>mum</strong></span> <span class='ocrx_word' id='word_1_273' title='bbox 388 2128 578 2166; x_wconf 90' lang='lat' dir='ltr'><strong>hominem</strong></span> <span class='ocrx_word' id='word_1_274' title='bbox 607 2139 691 2166; x_wconf 90' lang='lat' dir='ltr'><strong>eum</strong></span> <span class='ocrx_word' id='word_1_275' title='bbox 721 2132 908 2175; x_wconf 87' lang='lat' dir='ltr'><strong>putemus,</strong></span> <span class='ocrx_word' id='word_1_276' title='bbox 939 2139 1022 2166; x_wconf 90' lang='lat' dir='ltr'><strong>cum</strong></span> <span class='ocrx_word' id='word_1_277' title='bbox 1050 2128 1170 2166; x_wconf 88' lang='lat' dir='ltr'><strong>verba</strong></span> <span class='ocrx_word' id='word_1_278' title='bbox 1197 2128 1290 2167; x_wconf 79' lang='grc' dir='ltr'>κατὰ</span> <span class='ocrx_word' id='word_1_279' title='bbox 1317 2128 1378 2165; x_wconf 84' lang='grc' dir='ltr'><strong>τὸν</strong></span> <span class='ocrx_word' id='word_1_280' title='bbox 1407 2128 1529 2177; x_wconf 80' lang='grc' dir='ltr'>καιρὸν</span> <span class='ocrx_word' id='word_1_281' title='bbox 1552 2128 1678 2166; x_wconf 73' lang='grc' dir='ltr'>τοῦτον</span> <span class='ocrx_word' id='word_1_282' title='bbox 1698 2131 1737 2165; x_wconf 90' lang='lat' dir='ltr'><strong>et</strong></span> 
     </span>
     <span class='ocr_line' id='line_1_29' title="bbox 254 2191 1739 2243; baseline 0.001 -14"><span class='ocrx_word' id='word_1_283' title='bbox 254 2191 294 2230; x_wconf 85' lang='grc' dir='ltr'><strong>ἐν</strong></span> <span class='ocrx_word' id='word_1_284' title='bbox 323 2193 378 2242; x_wconf 75' lang='grc' dir='ltr'><strong>τῷ</strong></span> <span class='ocrx_word' id='word_1_285' title='bbox 405 2191 503 2242; x_wconf 78' lang='grc' dir='ltr'>αὐτῷ</span> <span class='ocrx_word' id='word_1_286' title='bbox 530 2191 647 2242; x_wconf 81' lang='grc' dir='ltr'>τούτῳ</span> <span class='ocrx_word' id='word_1_287' title='bbox 675 2192 797 2243; x_wconf 82' lang='grc' dir='ltr'>χρόνῳ</span> <span class='ocrx_word' id='word_1_288' title='bbox 827 2204 911 2231; x_wconf 87' lang='grc'><strong>011111</strong></span> <span class='ocrx_word' id='word_1_289' title='bbox 939 2193 1053 2230; x_wconf 85' lang='lat' dir='ltr'><strong>rebus</strong></span> <span class='ocrx_word' id='word_1_290' title='bbox 1082 2193 1334 2240; x_wconf 85' lang='lat' dir='ltr'><strong>coniunxerit,</strong></span> <span class='ocrx_word' id='word_1_291' title='bbox 1370 2193 1419 2230; x_wconf 90' lang='lat' dir='ltr'><strong>ad</strong></span> <span class='ocrx_word' id='word_1_292' title='bbox 1455 2203 1549 2239; x_wconf 83' lang='lat' dir='ltr'><strong>quas</strong></span> <span class='ocrx_word' id='word_1_293' title='bbox 1581 2203 1739 2240; x_wconf 89' lang='lat' dir='ltr'><strong>prorsus</strong></span> 
     </span>
     <span class='ocr_line' id='line_1_30' title="bbox 253 2256 1736 2304; baseline 0.001 -11"><span class='ocrx_word' id='word_1_294' title='bbox 253 2267 331 2294; x_wconf 91' lang='lat' dir='ltr'><strong>non</strong></span> <span class='ocrx_word' id='word_1_295' title='bbox 374 2257 617 2302; x_wconf 82' lang='lat' dir='ltr'><strong>conveniunt;</strong></span> <span class='ocrx_word' id='word_1_296' title='bbox 662 2260 831 2295; x_wconf 87' lang='lat' dir='ltr'><strong>ceterum</strong></span> <span class='ocrx_word' id='word_1_297' title='bbox 865 2257 1103 2304; x_wconf 88' lang='lat' dir='ltr'><strong>Xiphilinus,</strong></span> <span class='ocrx_word' id='word_1_298' title='bbox 1147 2257 1296 2295; x_wconf 86' lang='lat' dir='ltr'><strong>etiamsi</strong></span> <span class='ocrx_word' id='word_1_299' title='bbox 1330 2257 1539 2304; x_wconf 88' lang='lat' dir='ltr'><strong>depravato</strong></span> <span class='ocrx_word' id='word_1_300' title='bbox 1574 2256 1736 2303; x_wconf 84' lang='lat' dir='ltr'><strong>quodam</strong></span> 
     </span>
     <span class='ocr_line' id='line_1_31' title="bbox 257 2320 1522 2368; baseline 0 -10"><span class='ocrx_word' id='word_1_301' title='bbox 257 2320 386 2358; x_wconf 87' lang='lat' dir='ltr'><strong>codice</strong></span> <span class='ocrx_word' id='word_1_302' title='bbox 415 2331 504 2358; x_wconf 89' lang='lat' dir='ltr'><strong>usus</strong></span> <span class='ocrx_word' id='word_1_303' title='bbox 533 2325 603 2367; x_wconf 90' lang='lat' dir='ltr'><strong>est,</strong></span> <span class='ocrx_word' id='word_1_304' title='bbox 633 2324 761 2358; x_wconf 90' lang='lat' dir='ltr'><strong>tamen</strong></span> <span class='ocrx_word' id='word_1_305' title='bbox 789 2321 892 2359; x_wconf 90' lang='lat' dir='ltr'><strong>omni</strong></span> <span class='ocrx_word' id='word_1_306' title='bbox 920 2322 1076 2360; x_wconf 87' lang='lat' dir='ltr'><strong>crimine</strong></span> <span class='ocrx_word' id='word_1_307' title='bbox 1104 2322 1251 2360; x_wconf 89' lang='lat' dir='ltr'><strong>absolvi</strong></span> <span class='ocrx_word' id='word_1_308' title='bbox 1279 2332 1354 2358; x_wconf 89' lang='lat' dir='ltr'><strong>non</strong></span> <span class='ocrx_word' id='word_1_309' title='bbox 1381 2323 1522 2368; x_wconf 89' lang='lat' dir='ltr'><strong>potest.</strong></span> 
     </span>
    </p>

    <p class='ocr_par' dir='ltr' id='par_1_4' title="bbox 246 2383 1737 2820">
     <span class='ocr_line' id='line_1_32' title="bbox 361 2383 1735 2437; baseline -0.002 -14"><span class='ocrx_word' id='word_1_310' title='bbox 361 2384 449 2423; x_wconf 87' lang='lat' dir='ltr'><strong>Non</strong></span> <span class='ocrx_word' id='word_1_311' title='bbox 477 2384 599 2422; x_wconf 90' lang='lat' dir='ltr'><strong>minus</strong></span> <span class='ocrx_word' id='word_1_312' title='bbox 627 2384 856 2437; x_wconf 84' lang='lat' dir='ltr'><strong>laudandam</strong></span> <span class='ocrx_word' id='word_1_313' title='bbox 883 2389 977 2431; x_wconf 91' lang='lat' dir='ltr'><strong>puto</strong></span> <span class='ocrx_word' id='word_1_314' title='bbox 1006 2385 1193 2433; x_wconf 85' lang='lat' dir='ltr'><strong>Xylandri</strong></span> <span class='ocrx_word' id='word_1_315' title='bbox 1222 2385 1410 2422; x_wconf 85' lang='lat' dir='ltr'><strong>rationem</strong></span> <span class='ocrx_word' id='word_1_316' title='bbox 1438 2385 1479 2421; x_wconf 91' lang='lat' dir='ltr'><strong>in</strong></span> <span class='ocrx_word' id='word_1_317' title='bbox 1512 2383 1735 2421; x_wconf 85' lang='lat' dir='ltr'><strong>dirimendis</strong></span> 
     </span>
     <span class='ocr_line' id='line_1_33' title="bbox 255 2447 1736 2496; baseline -0.001 -10"><span class='ocrx_word' id='word_1_318' title='bbox 255 2447 365 2486; x_wconf 91' lang='lat' dir='ltr'><strong>libris</strong></span> <span class='ocrx_word' id='word_1_319' title='bbox 395 2448 458 2486; x_wconf 88' lang='lat'><strong>59.</strong></span> <span class='ocrx_word' id='word_1_320' title='bbox 488 2452 527 2486; x_wconf 84' lang='lat' dir='ltr'><strong>et</strong></span> <span class='ocrx_word' id='word_1_321' title='bbox 557 2448 619 2487; x_wconf 89' lang='lat'><strong>60.</strong></span> <span class='ocrx_word' id='word_1_322' title='bbox 648 2448 876 2496; x_wconf 83' lang='lat' dir='ltr'><strong>adhibitam,</strong></span> <span class='ocrx_word' id='word_1_323' title='bbox 921 2459 1019 2496; x_wconf 88' lang='lat' dir='ltr'><strong>quae</strong></span> <span class='ocrx_word' id='word_1_324' title='bbox 1061 2452 1100 2486; x_wconf 88' lang='lat' dir='ltr'><strong>et</strong></span> <span class='ocrx_word' id='word_1_325' title='bbox 1143 2449 1192 2487; x_wconf 87' lang='lat' dir='ltr'><strong>ad</strong></span> <span class='ocrx_word' id='word_1_326' title='bbox 1231 2459 1358 2487; x_wconf 87' lang='lat' dir='ltr'><strong>rerum</strong></span> <span class='ocrx_word' id='word_1_327' title='bbox 1393 2451 1433 2486; x_wconf 89' lang='lat' dir='ltr'><strong>et</strong></span> <span class='ocrx_word' id='word_1_328' title='bbox 1460 2447 1510 2485; x_wconf 87' lang='lat' dir='ltr'><strong>ad</strong></span> <span class='ocrx_word' id='word_1_329' title='bbox 1539 2447 1736 2486; x_wconf 87' lang='lat' dir='ltr'><strong>consulum</strong></span> 
     </span>
     <span class='ocr_line' id='line_1_34' title="bbox 253 2512 1734 2561; baseline -0.001 -12"><span class='ocrx_word' id='word_1_330' title='bbox 253 2512 417 2551; x_wconf 86' lang='lat' dir='ltr'><strong>indicem</strong></span> <span class='ocrx_word' id='word_1_331' title='bbox 445 2513 544 2550; x_wconf 89' lang='lat' dir='ltr'><strong>libro</strong></span> <span class='ocrx_word' id='word_1_332' title='bbox 574 2513 636 2551; x_wconf 82' lang='lat'><strong>58.</strong></span> <span class='ocrx_word' id='word_1_333' title='bbox 665 2514 711 2551; x_wconf 90' lang='lat' dir='ltr'><strong>R.</strong></span> <span class='ocrx_word' id='word_1_334' title='bbox 742 2514 797 2552; x_wconf 93' lang='lat' dir='ltr'><strong>St.</strong></span> <span class='ocrx_word' id='word_1_335' title='bbox 826 2514 1088 2561; x_wconf 87' lang='lat' dir='ltr'><strong>praepositum</strong></span> <span class='ocrx_word' id='word_1_336' title='bbox 1117 2514 1260 2560; x_wconf 90' lang='lat' dir='ltr'><strong>optime</strong></span> <span class='ocrx_word' id='word_1_337' title='bbox 1289 2512 1476 2551; x_wconf 89' lang='lat' dir='ltr'><strong>convenit.</strong></span> <span class='ocrx_word' id='word_1_338' title='bbox 1533 2512 1614 2550; x_wconf 89' lang='lat' dir='ltr'><strong>Nec</strong></span> <span class='ocrx_word' id='word_1_339' title='bbox 1642 2522 1734 2549; x_wconf 91' lang='lat' dir='ltr'><strong>vero</strong></span> 
     </span>
     <span class='ocr_line' id='line_1_35' title="bbox 251 2577 1735 2626; baseline -0.001 -11"><span class='ocrx_word' id='word_1_340' title='bbox 251 2577 324 2615; x_wconf 89' lang='lat' dir='ltr'><strong>hoc</strong></span> <span class='ocrx_word' id='word_1_341' title='bbox 351 2578 448 2623; x_wconf 88' lang='lat' dir='ltr'><strong>loco,</strong></span> <span class='ocrx_word' id='word_1_342' title='bbox 469 2581 522 2615; x_wconf 74' lang='lat' dir='ltr'><strong>vut</strong></span> <span class='ocrx_word' id='word_1_343' title='bbox 548 2580 635 2625; x_wconf 89' lang='lat' dir='ltr'><strong>post</strong></span> <span class='ocrx_word' id='word_1_344' title='bbox 663 2578 726 2617; x_wconf 88' lang='grc'><strong>57.</strong></span> <span class='ocrx_word' id='word_1_345' title='bbox 754 2578 913 2624; x_wconf 90' lang='lat' dir='ltr'><strong>librum,</strong></span> <span class='ocrx_word' id='word_1_346' title='bbox 949 2579 1160 2626; x_wconf 88' lang='lat' dir='ltr'><strong>primorum</strong></span> <span class='ocrx_word' id='word_1_347' title='bbox 1196 2578 1398 2616; x_wconf 88' lang='lat' dir='ltr'><strong>verborum</strong></span> <span class='ocrx_word' id='word_1_348' title='bbox 1425 2577 1515 2615; x_wconf 91' lang='lat' dir='ltr'><strong>libri</strong></span> <span class='ocrx_word' id='word_1_349' title='bbox 1543 2577 1735 2623; x_wconf 89' lang='lat' dir='ltr'><strong>sequentis</strong></span> 
     </span>
     <span class='ocr_line' id='line_1_36' title="bbox 253 2641 1735 2690; baseline 0 -12"><span class='ocrx_word' id='word_1_350' title='bbox 253 2641 302 2678; x_wconf 89' lang='lat' dir='ltr'><strong>ad</strong></span> <span class='ocrx_word' id='word_1_351' title='bbox 329 2642 470 2689; x_wconf 86' lang='lat' dir='ltr'><strong>prioris</strong></span> <span class='ocrx_word' id='word_1_352' title='bbox 499 2645 670 2681; x_wconf 86' lang='lat' dir='ltr'><strong>extrema</strong></span> <span class='ocrx_word' id='word_1_353' title='bbox 697 2643 836 2681; x_wconf 89' lang='lat' dir='ltr'><strong>relatio</strong></span> <span class='ocrx_word' id='word_1_354' title='bbox 873 2643 1085 2681; x_wconf 84' lang='lat' dir='ltr'><strong>desiderari</strong></span> <span class='ocrx_word' id='word_1_355' title='bbox 1118 2646 1262 2690; x_wconf 84' lang='lat' dir='ltr'><strong>potest;</strong></span> <span class='ocrx_word' id='word_1_356' title='bbox 1305 2646 1433 2680; x_wconf 85' lang='lat' dir='ltr'><strong>tamen</strong></span> <span class='ocrx_word' id='word_1_357' title='bbox 1467 2641 1602 2688; x_wconf 85' lang='lat' dir='ltr'><strong>verba,</strong></span> <span class='ocrx_word' id='word_1_358' title='bbox 1638 2651 1735 2688; x_wconf 87' lang='lat' dir='ltr'><strong>quae</strong></span> 
     </span>
     <span class='ocr_line' id='line_1_37' title="bbox 247 2704 1737 2754; baseline 0 -12"><span class='ocrx_word' id='word_1_359' title='bbox 247 2705 351 2753; x_wconf 87' lang='lat' dir='ltr'><strong>apud</strong></span> <span class='ocrx_word' id='word_1_360' title='bbox 377 2704 425 2743; x_wconf 84' lang='lat' dir='ltr'><strong>R.</strong></span> <span class='ocrx_word' id='word_1_361' title='bbox 456 2705 587 2753; x_wconf 81' lang='lat' dir='ltr'><strong>Steph.</strong></span> <span class='ocrx_word' id='word_1_362' title='bbox 617 2706 657 2744; x_wconf 90' lang='lat' dir='ltr'><strong>in</strong></span> <span class='ocrx_word' id='word_1_363' title='bbox 685 2707 798 2745; x_wconf 85' lang='lat' dir='ltr'><strong>titulo</strong></span> <span class='ocrx_word' id='word_1_364' title='bbox 826 2708 917 2746; x_wconf 87' lang='lat' dir='ltr'><strong>libri</strong></span> <span class='ocrx_word' id='word_1_365' title='bbox 946 2707 1009 2745; x_wconf 82' lang='lat'><strong>58.</strong></span> <span class='ocrx_word' id='word_1_366' title='bbox 1040 2706 1222 2754; x_wconf 87' lang='lat' dir='ltr'><strong>apposita</strong></span> <span class='ocrx_word' id='word_1_367' title='bbox 1250 2717 1332 2745; x_wconf 87' lang='lat' dir='ltr'><strong>esse</strong></span> <span class='ocrx_word' id='word_1_368' title='bbox 1361 2717 1478 2754; x_wconf 85' lang='lat' dir='ltr'><strong>supra</strong></span> <span class='ocrx_word' id='word_1_369' title='bbox 1511 2706 1590 2744; x_wconf 88' lang='lat' dir='ltr'><strong>dixi</strong></span> <span class='ocrx_word' id='word_1_370' title='bbox 1628 2705 1737 2754; x_wconf 83' lang='lat' dir='ltr'><strong>(plu-</strong></span> 
     </span>
     <span class='ocr_line' id='line_1_38' title="bbox 246 2768 1736 2820; baseline 0.001 -14"><span class='ocrx_word' id='word_1_371' title='bbox 246 2768 365 2807; x_wconf 86' lang='lat' dir='ltr'><strong>rimas</strong></span> <span class='ocrx_word' id='word_1_372' title='bbox 393 2780 455 2808; x_wconf 85' lang='lat' dir='ltr'><strong>res</strong></span> <span class='ocrx_word' id='word_1_373' title='bbox 484 2781 584 2808; x_wconf 88' lang='lat' dir='ltr'><strong>anno</strong></span> <span class='ocrx_word' id='word_1_374' title='bbox 606 2771 652 2808; x_wconf 87' lang='lat'><strong>41</strong></span> <span class='ocrx_word' id='word_1_375' title='bbox 685 2775 818 2819; x_wconf 84' lang='lat' dir='ltr'><strong>gestas</strong></span> <span class='ocrx_word' id='word_1_376' title='bbox 838 2772 937 2810; x_wconf 89' lang='lat' dir='ltr'><strong>libro</strong></span> <span class='ocrx_word' id='word_1_377' title='bbox 961 2773 1011 2810; x_wconf 83' lang='lat'><strong>60</strong></span> <span class='ocrx_word' id='word_1_378' title='bbox 1031 2772 1233 2820; x_wconf 84' lang='lat' dir='ltr'><strong>contineri)</strong></span> <span class='ocrx_word' id='word_1_379' title='bbox 1254 2783 1323 2810; x_wconf 88' lang='lat' dir='ltr'><strong>nos</strong></span> <span class='ocrx_word' id='word_1_380' title='bbox 1344 2774 1487 2818; x_wconf 88' lang='lat' dir='ltr'><strong>cogunt</strong></span> <span class='ocrx_word' id='word_1_381' title='bbox 1505 2771 1567 2808; x_wconf 92' lang='lat' dir='ltr'><strong>hic</strong></span> <span class='ocrx_word' id='word_1_382' title='bbox 1586 2780 1736 2817; x_wconf 88' lang='lat' dir='ltr'><strong>quoque</strong></span> 
     </span>
    </p>
   </div>
   <div class='ocr_carea' id='block_1_3' title="bbox 1660 3030 2039 3254">
    <p class='ocr_par' dir='ltr' id='par_1_5' title="bbox 1660 3030 2039 3254">
     <span class='ocr_line' id='line_1_39' title="bbox 1660 3030 2039 3254; baseline 0 0"><span class='ocrx_word' id='word_1_383' title='bbox 1660 3030 2039 3254; x_wconf 11' lang='lat' dir='ltr'><strong>(A</strong></span> 
     </span>
    </p>
   </div>
  </div>
 </body>
</html>
