2039 3254
875 307 1136 347 -4-

266 438 403 484 Itaque
430 446 599 483 propono
626 436 726 472 hanc
752 434 970 472 lectionem:
1001 433 1120 470 πεσὼν
1150 433 1188 470 δὲ
1208 432 1245 473 ἐς
1262 432 1345 481 γόνυ
1372 432 1424 470 τὼ
1444 435 1543 483 χεῖρε
1562 431 1743 482 Καίσαρος

267 500 348 538 ποσὶ
375 498 580 550 προςέθετο.
637 498 736 537 Nam
765 496 948 547 Καίσαρος
975 500 1062 545 post
1089 498 1188 548 χεῖρε
1217 497 1397 534 omissum
1426 506 1508 535 esse
1537 496 1744 535 verisimile

267 567 390 612 putes,
419 574 489 601 nee
517 563 640 600 minus
668 561 815 611 ποιήσας
844 560 965 599 ἐδέετο
994 572 1040 599 ex
1068 560 1149 598 ποσὶ
1174 559 1368 611 προςέθετο
1398 564 1521 598 ortum
1549 571 1641 607 esse,
1671 571 1745 607 qua

267 639 310 666 re
338 628 454 666 etiam
482 626 575 664 illud
604 625 724 663 ἐδέετο
759 636 826 663 0111·
859 625 932 663 1100
967 625 1051 662 1000
1083 635 1151 671 pro
1181 623 1294 661 ἐδεῖτο
1322 624 1490 671 positum
1518 625 1568 662 sit
1594 624 1744 662 facilius

267 691 544 738 intellegamus.
591 689 724 736 Neque
745 689 941 736 quisquam
970 688 1108 728 offendi
1127 690 1266 736 potest,
1298 688 1398 736 quod
1425 688 1541 736 pedes
1570 689 1743 727 hocloco

266 767 335 803 pro
369 755 531 801 genibus
564 754 626 792 vel
659 753 831 791 cruribus
865 756 1069 800 ponuntur,
1114 763 1197 790 cum
1232 753 1305 791 hoc
1339 752 1439 799 apud
1471 753 1677 800 scriptores
1706 756 1746 790 et

269 819 435 858 Graecos
463 821 502 855 et
529 817 688 855 Latinos
715 827 792 854 non
819 817 941 854 minus
970 827 1085 864 saepe
1114 816 1258 854 factum
1287 827 1367 855 esse
1396 816 1599 862 videamus,
1634 826 1745 863 quam

267 893 404 919 manus
431 892 500 928 pro
528 880 707 925 brachiis,
742 880 847 918 velut
874 880 946 917 hoc
974 880 1108 917 eodem
1136 884 1265 918 nostro
1293 880 1389 918 loco.
1445 881 1611 917 Verbum
1639 894 1744 929 προς-

267 944 430 983 τίθεσθαι
458 943 621 989 denique
650 942 844 990 explicant
872 943 1130 990 lexicographi
1148 943 1265 981 alicui
1285 943 1430 990 aliquid
1449 944 1495 981 de
1521 953 1561 981 se
1588 943 1742 989 inferre,

267 1009 372 1047 velut
399 1007 560 1056 πόλεμον
579 1005 831 1057 προςτίθεσθαι
850 1007 951 1054 apud
969 1007 1217 1045 Herodotum.
1259 1006 1445 1045 Gonferas
1465 1007 1565 1054 apud
1585 1007 1745 1045 Dionem

267 1076 439 1111 nostrum
467 1073 491 1109 l.
522 1072 573 1108 42
605 1082 636 1110 e.
667 1071 707 1108 3:
750 1070 1007 1122 προς-τρόπαιον
1036 1070 1095 1109 καὶ
1124 1071 1261 1112 ἑαυτοῖς
1293 1070 1351 1109 καὶ
1378 1072 1425 1121 τῇ
1454 1070 1619 1120 Αἰγύπτῳ
1647 1069 1744 1121 πάσῃ

269 1136 497 1187 προςέθεντο.
546 1136 635 1175 Νο11
664 1135 795 1173 dubito
823 1135 943 1182 igitur
971 1135 1081 1173 huius
1109 1135 1218 1173 verbi
1242 1136 1400 1182 propria
1418 1136 1457 1174 vi
1475 1135 1546 1173 hoc
1564 1136 1647 1173 1000
1675 1135 1742 1173 1111.

373 1201 418 1237 111
445 1201 468 1237 1.
492 1201 538 1237 41
573 1210 604 1237 c.
624 1200 675 1236 44
704 1199 909 1236 lectionem
931 1199 1100 1237 codicum
1120 1198 1160 1236 τό
1188 1213 1227 1236 τε
1249 1199 1369 1237 καινὸν
1388 1199 1451 1236 τοῦ
1471 1198 1631 1247 πολέμου
1661 1210 1745 1236 011111

267 1266 395 1303 vertat
427 1263 478 1308 „il
506 1267 633 1310 tempo
654 1262 756 1300 della
776 1265 942 1309 guerra“
973 1262 1215 1301 Leonicenus
1241 1265 1346 1300 recte
1377 1262 1634 1301 emendavisse
1653 1262 1746 1300 mihi

267 1328 433 1369 videtum
468 1337 555 1363 nam
583 1326 787 1372 legendum
816 1329 875 1363 est
901 1326 961 1362 τόν
990 1340 1029 1362 τε
1058 1326 1178 1375 καιρὸν
1207 1326 1269 1363 τοῦ
1298 1325 1472 1374 πολέμου,
1502 1326 1602 1371 quod
1630 1326 1745 1363 etiam

267 1392 306 1429 in
335 1391 464 1428 codice
482 1389 671 1427 Vaticano
694 1390 769 1427 144
794 1389 957 1428 inveniri
976 1389 1157 1427 Grosium
1175 1388 1284 1436 fugit.
1331 1389 1588 1427 Leoniceuum
1617 1392 1746 1428 autem

267 1465 342 1492 non
369 1455 470 1491 hunc
500 1453 667 1491 codicem
694 1453 733 1490 in
761 1453 945 1491 vertendo
988 1456 1159 1490 secutum
1202 1463 1285 1490 esse
1326 1452 1426 1490 infra
1466 1453 1743 1490 demonstrabo.

375 1518 419 1555 In
446 1517 460 1554 l
489 1517 538 1554 42
569 1527 589 1553 c
618 1517 641 1553 5
670 1515 771 1554 Med.
803 1516 865 1560 70,
896 1517 932 1561 8,
961 1515 1051 1554 Vat.
1085 1517 1171 1563 144,
1202 1516 1289 1554 Par.
1322 1516 1435 1559 1690,
1465 1515 1565 1562 quod
1586 1515 1747 1554 Grosius

268 1581 373 1627 dicit,
404 1580 562 1618 habent:
594 1579 738 1631 νικήσας
767 1579 831 1628 μὲν
859 1582 1032 1628 πολεμῶν
1060 1579 1196 1620 πολλὰς
1224 1579 1260 1616 ἐν
1289 1581 1335 1629 τῇ
1359 1580 1524 1630 Ἀφρικῆ,
1552 1579 1688 1621 πολλὰς
1707 1579 1746 1617 δὲ

268 1644 327 1683 καὶ
357 1644 393 1681 ἐν
417 1643 522 1693 Ἀσίᾳ
550 1645 597 1694 τῇ
622 1658 661 1681 τε
680 1641 856 1694 Εὐρώπῃ,
887 1644 1006 1681 ceteri
1035 1644 1197 1682 codices:
1230 1643 1374 1693 νικήσας
1403 1643 1583 1692 πολέμους
1611 1643 1676 1692 μὲν
1698 1665 1744 1670 -

267 1708 425 1748 πολλοὺς
455 1707 504 1744 δέ.
563 1707 703 1744 Parum
732 1711 912 1744 accurate
933 1707 1092 1745 Grosius
1121 1707 1290 1744 codicum
1319 1707 1503 1745 lectiones
1532 1711 1745 1749 enumerat;

267 1782 355 1809 nam
382 1770 431 1809 R.
462 1771 688 1818 Stephanus,
731 1771 795 1817 qui
830 1771 996 1808 codicem
1024 1770 1113 1809 Par.
1147 1772 1247 1809 1689
1283 1781 1422 1818 magna
1456 1770 1530 1808 fide
1564 1770 1745 1817 sequitur,

267 1836 402 1872 habet:
433 1834 492 1873 καὶ
520 1834 664 1884 νικήσας
691 1834 846 1875 πολλοὺς
875 1834 939 1883 μὲν
961 1834 998 1871 ἐν
1017 1836 1063 1885 τῇ
1078 1834 1249 1885 Ἀφρικῄ,
1278 1835 1434 1875 πολλοὺς
1462 1834 1501 1871 δὲ
1522 1834 1559 1871 ἐν
1580 1836 1628 1884 τῇ
1641 1833 1747 1883 Ἀσίᾳ

269 1899 314 1949 τῇ
343 1913 382 1936 τε
410 1896 572 1949 Εὐρώπῃ
601 1897 824 1949 παραδόξους
868 1920 917 1925 --
961 1897 1187 1947 ἀνελόμενος,
1227 1902 1267 1936 et
1299 1898 1398 1946 quod
1426 1898 1535 1936 dicit:
1583 1899 1642 1946 „je
1669 1898 1747 1937 suis

271 1973 368 2009 pour
398 1973 440 2000 ce
467 1973 628 2009 passage
655 1963 694 1999 la
721 1963 830 2009 100011
859 1963 905 1999 de
933 1962 1083 2000 Robert
1103 1962 1324 2005 Estienne“‚
1353 1962 1393 1999 id
1421 1973 1496 1999 11011
1524 1962 1573 1999 ad
1601 1965 1746 2000 textum

273 2024 467 2072 Stephani,
498 2025 564 2063 sed
589 2025 638 2063 ad
657 2025 736 2063 eius
757 2025 1031 2072 castigationes
1049 2025 1291 2063 referendum
1312 2028 1371 2063 est
1399 2024 1477 2074 (καὶ
1496 2024 1593 2067 νίκας
1612 2025 1748 2067 πολλὰς

273 2089 338 2137 μὲν
369 2089 405 2125 ἐν
433 2090 480 2138 τῇ
502 2087 620 2138 Ἀσίᾳ,
662 2089 797 2130 πολλὰς
826 2090 865 2126 δὲ
899 2090 1002 2138 etc.).
1059 2090 1314 2127 Leonicenus:
1362 2091 1415 2134 „il
1450 2091 1561 2136 quale
1601 2091 1748 2127 haveva

274 2155 445 2190 ottenute
474 2155 580 2189 tante
599 2152 755 2190 vittorie
784 2153 830 2190 ed
858 2152 898 2189 in
917 2152 1050 2191 Africa
1079 2164 1098 2190 e
1126 2153 1229 2191 nella
1253 2153 1347 2191 Asia
1375 2164 1395 2190 e
1423 2153 1525 2191 nella
1553 2153 1745 2201 Europa“,

272 2216 312 2253 id
340 2215 440 2262 quod
458 2214 621 2253 Dionem
647 2216 775 2254 dicere
794 2217 958 2255 voluisse
977 2218 1217 2264 perspicuum
1245 2221 1315 2255 est.
1363 2216 1585 2256 Dindorfius
1612 2217 1745 2255 habet:

273 2278 333 2317 καὶ
361 2278 505 2327 νικήσας
532 2278 597 2326 μὲν
625 2279 775 2328 πολέμῳ
805 2301 853 2306 -
883 2280 1017 2321 πολλὰς
1047 2280 1083 2316 ἐν
1117 2282 1163 2330 τῇ
1186 2279 1357 2331 Ἀφρικῇ,
1392 2280 1528 2322 πολλὰς
1557 2280 1596 2317 δὲ
1624 2280 1682 2318 καὶ
1711 2280 1747 2317 ἐν

267 2341 374 2393 Ἀσίᾳ
403 2346 488 2389 010.,
518 2342 691 2381 lacunam
711 2347 798 2391 post
825 2343 975 2393 πολέμῳ
995 2355 1076 2383 esse
1095 2348 1211 2391 ratus,
1242 2344 1341 2391 quod
1368 2344 1462 2383 mihi
1480 2356 1555 2383 non
1573 2356 1749 2383 necessa-

272 2407 370 2444 rium
404 2406 567 2445 videtur.
622 2406 814 2444 Henricus
842 2407 1056 2454 Stephanus
1084 2409 1257 2454 sequitur
1283 2408 1447 2446 Roberti
1481 2409 1747 2451 coniecturam,

273 2482 385 2517 quam
421 2470 538 2508 etiam
566 2469 785 2515 Reimarus,
828 2469 1019 2517 Sturzius‚
1061 2471 1219 2509 Bekker
1246 2472 1450 2519 accipiunt.
1505 2472 1647 2510 Mirum
1679 2476 1747 2519 est,

273 2534 373 2581 quod
400 2533 606 2571 Reimarus
635 2533 684 2570 ad
711 2534 811 2571 hunc
838 2535 962 2571 locum
982 2535 1092 2572 dicit:
1126 2534 1279 2580 „Codex
1297 2536 1343 2573 V.
1373 2546 1396 2572 a
1424 2535 1480 2584 (id
1499 2539 1559 2573 est
1579 2535 1750 2574 Venetus

273 2598 368 2646 395)
396 2597 548 2636 videtur
574 2597 736 2635 Roberti
770 2597 1070 2636 emendationem
1100 2599 1389 2647 comprobare“‚
1425 2609 1508 2637 cum
1541 2599 1603 2637 hic
1632 2595 1775 2637 codex'

272 2672 295 2699 a
321 2661 412 2699 libri
440 2661 492 2698 44
520 2671 552 2699 0.
584 2662 634 2699 35
670 2660 819 2698 demum
848 2661 1044 2699 exordium
1071 2666 1197 2699 sumat
1231 2662 1298 2710 (cf.
1329 2662 1438 2710 Gros,
1474 2666 1576 2700 tome
1603 2662 1636 2708 I,
1665 2673 1748 2710 pag.

271 2724 386 2772 XL13
417 2724 657 2774 Boissevain,
688 2724 734 2764 de
761 2724 881 2765 Cassii
900 2725 1038 2764 Dionis
1066 2726 1176 2766 libris
1196 2726 1474 2776 manuscriptis,
1504 2726 1748 2776 Mnemosyne
