2039 3254
873 329 1164 370 *24-

276 455 521 505 καθεζόμενον
564 455 708 500 ἐλάσας,
754 456 812 494 εἶτ’
848 456 1098 507 ἀφαλλόμενος
1130 459 1193 495 τοῦ
1227 457 1338 495 ἵππου
1372 458 1438 507 τὴν
1467 459 1533 507 μὲν
1561 459 1758 497 πανοπλίαν

276 519 482 571 ἀπέρριψεν,
525 519 630 561 αὐτὸς
672 520 711 557 δὲ
739 519 890 561 καθίσας
925 519 993 558 ὑπὸ
1027 520 1140 561 πόδας
1172 521 1235 558 τοῦ
1270 519 1453 571 Καίσαρος
1479 522 1631 574 ἡσυχίαν
1659 521 1755 573 ἦγεν,

276 583 378 635 ἄχρις
405 583 447 620 οὗ
475 583 661 634 παρεδόθη
687 584 982 634 φρουρησόμενος
1002 584 1059 620 ἐπὶ
1076 584 1137 621 τὸν
1157 583 1373 634 θρίαμβον.“
1431 585 1572 624 Florus
1591 587 1665 631 III,
1689 588 1754 624 10:

276 648 392 696 „Ipse
420 648 488 686 ille
516 659 596 692 reX,
625 649 831 686 maximum
858 649 1045 687 victoriae
1074 648 1198 690 decus.
1230 649 1391 697 supplex
1419 660 1533 696 quum
1561 650 1602 687 in
1628 654 1758 688 castra.
1800 657 1802 659 ’

274 713 455 760 venisset,
485 716 567 749 tum
594 715 634 749 et
661 712 842 760 phaleras
861 716 901 750 et
918 724 988 750 sua
1007 723 1116 749 arma
1134 716 1223 750 ante
1242 711 1422 751 Caesaris
1437 724 1565 760 genua
1578 713 1755 760 proiecit:

273 777 421 823 Habes,
450 776 593 823 inquit3
622 775 760 815 fortem
787 777 922 823 virum,
951 777 1012 815 vir
1039 777 1257 823 fortissime,
1288 777 1455 816 vicisti.“
1490 800 1537 807 —
1565 777 1705 817 Florus
1733 789 1758 817 a

273 841 400 884 Dione
434 844 474 878 et
507 840 717 879 Plutarcho
758 841 799 879 in
841 852 885 879 eo
928 841 1132 889 discrepat,
1174 842 1275 888 quod
1308 842 1682 890 Vercingetorigem·
1698 843 1758 880 lo-

274 910 453 952 quentem
494 905 659 950 inducit3
701 906 768 943 sed
809 909 848 943 et
889 904 982 944 fides
1014 906 1151 944 horum
1184 906 1303 944 Floro
1338 906 1591 954 praeferenda
1626 910 1685 944 est
1718 910 1757 944 et

275 981 406 1017 regem
435 980 520 1007 cum
546 969 748 1008 maiestate
775 970 938 1016 quadam
963 970 1140 1008 silentem
1158 981 1271 1017 quam
1290 970 1360 1008 illa
1380 970 1567 1009 dicentem
1586 970 1759 1017 cogitare

275 1034 418 1072 malim.
455 1034 533 1072 Dio
553 1037 681 1072 autem
695 1034 828 1073 differt
841 1046 865 1072 a
880 1035 1030 1079 ceteris,
1051 1045 1135 1073 cum
1149 1046 1224 1073 non
1238 1033 1383 1074 referat
1399 1033 1757 1081 Vercingetorigem

275 1110 384 1136 arma
418 1109 488 1136 sua
523 1098 751 1146 deposuisse.
811 1098 924 1147 Quod
957 1110 1050 1138 vero
1079 1099 1154 1137 Dio
1190 1098 1286 1137 alias
1322 1109 1469 1145 quoque
1497 1108 1520 1135 a
1547 1096 1757 1136 Plutarcho

275 1166 454 1202 narratas
472 1173 533 1202 res
552 1163 626 1202 hoc
645 1163 729 1202 loco
749 1163 905 1211 omittit,
936 1163 1042 1202 velut
1060 1162 1207 1217 nescire
1227 1162 1380 1201 videtur
1397 1160 1757 1209 Vercingetorigem

274 1231 404 1266 eastra
437 1226 617 1266 Caesaris
659 1228 1034 1275 circumequitavisse
1077 1232 1116 1266 et
1157 1228 1293 1266 deinde
1335 1228 1375 1266 in
1410 1227 1546 1266 castris
1581 1226 1627 1265 de
1661 1237 1757 1273 equo

275 1291 526 1338 descendisse,
557 1292 632 1330 Dio
662 1293 739 1330 alio
768 1295 925 1331 auctore
954 1303 1002 1331 ac
1020 1292 1251 1331 Plutarchus
1277 1292 1318 1330 in
1344 1292 1418 1330 hac
1445 1303 1488 1330 re
1517 1302 1607 1329 usus
1633 1300 1759 1344 neque·

274 1356 315 1393 in
345 1356 611 1394 constituendo
639 1359 750 1394 textu
778 1356 964 1394 eiusmodi
992 1357 1210 1394 differentia
1234 1356 1470 1403 respicienda
1489 1367 1571 1393 esse
1588 1354 1753 1393 videtur.

662 2747 789 2774 nen-liner
808 2742 1360 2774 Buchdruckerei-Actien-Gesenschatt

762 2780 1013 2801 &turinum-schul-
1029 2780 1070 2800 den
1086 2779 1268 2800 betto-Vereins.
