2039 3254
883 370 1174 410 μη-

287 496 335 532 57
367 497 559 541 narratur,
592 504 677 532 cum
706 495 768 532 hic
796 495 895 532 liber
922 495 962 532 in
989 494 1063 533 fine
1092 494 1193 543 apud
1220 494 1269 534 R.
1298 494 1431 542 Steph.
1462 498 1622 534 mortem
1651 495 1770 541 impe-

286 560 428 597 ratoris
457 559 606 597 Tiberii
635 559 841 598 describat.
897 558 1029 604 Addo,
1066 559 1106 596 id
1141 559 1240 606 quod
1268 558 1467 607 Xylander
1501 569 1576 597 non
1605 569 1768 597 comme-

282 627 418 669 morat,
449 624 548 670 quod
578 624 696 661 etiam
724 624 786 661 58.
818 624 907 660 libri
941 623 1056 661 index
1091 623 1192 670 apud
1219 623 1267 661 R.
1304 622 1435 669 Steph.
1479 624 1518 660 in
1559 623 1633 660 fine
1672 622 1770 660 haec

281 687 401 725 verba
429 688 564 726 habet:
594 687 645 729 ὥς
665 686 772 729 Γάϊος
792 685 935 738 Καίσαρ
964 686 1155 733 ἀπέθανεν,
1184 698 1268 725 611111
1296 687 1368 725 hoc
1395 687 1471 725 iam
1501 687 1688 735 capitibus
1717 687 1767 725 29

283 755 323 789 et
353 754 403 790 30
432 753 545 790 huius
573 752 665 789 libri
692 756 881 798 narretur,
912 753 1047 789 ultima
1076 753 1207 798 capita
1235 755 1363 789 autem
1392 751 1439 795 de
1465 754 1589 788 morte
1607 752 1768 797 impera-

281 816 378 853 toris
407 815 563 853 Claudii
591 819 717 864 agant.
766 816 913 853 Deinde
944 825 991 853 ex
1019 815 1235 853 nominibus
1254 816 1449 853 consulum
1468 815 1575 852 initio
1596 815 1659 852 57.
1679 814 1769 851 libri

281 880 470 926 appositis
499 879 800 917 concludendum
834 883 904 926 est,
942 879 1016 917 boc
1044 879 1143 916 libro
1170 879 1347 917 undecim
1381 889 1564 916 annorum
1585 873 1654 916 ¹res
1683 888 1769 915 con-

280 944 406 980 tineri.
466 943 543 981 Sed
571 954 654 981 cum
683 944 708 981 l.
739 944 789 981 56
818 954 938 990 usque
967 943 1014 981 ad
1045 946 1207 981 mortem
1235 943 1407 990 Augusti
1434 943 1459 982 i.
1489 953 1524 981 e.
1553 943 1601 981 ad
1629 953 1768 981 annum

281 1007 332 1044 74
361 1007 567 1055 pertineat,
598 1008 621 1045 l.
645 1007 696 1045 57
725 1011 854 1045 autem
872 1008 918 1045 R.
939 1007 1126 1055 Stephani
1153 1011 1316 1046 mortem
1337 1007 1486 1045 Tiberii
1514 1007 1538 1045 i.
1567 1018 1599 1046 e.
1630 1017 1768 1044 6111111111

283 1072 330 1108 37
361 1072 544 1119 attingat,
574 1083 648 1110 non
678 1072 726 1109 ad
747 1075 869 1109 totum
893 1072 993 1109 hunc
1012 1072 1151 1109 librum
1172 1073 1221 1109 57
1243 1072 1311 1109 1116
1330 1075 1544 1119 temporum
1564 1071 1767 1118 descriptio

278 1135 419 1173 referri
461 1138 600 1183 potest.
655 1135 767 1183 Quod
808 1135 908 1173 idem
949 1135 1120 1173 videmus
1161 1136 1201 1173 in
1235 1136 1259 1172 l.
1299 1136 1349 1173 58
1386 1135 1567 1180 Roberti,
1602 1136 1768 1181 quinon

281 1199 402 1236 solum
431 1199 622 1245 reliquam
651 1202 801 1246 partem
831 1199 919 1236 anni
949 1200 998 1236 37
1029 1202 1067 1236 et
1094 1202 1175 1236 tres
1195 1199 1291 1236 alios
1313 1199 1492 1246 deinceps
1511 1209 1631 1237 annos
1649 1209 1767 1244 usque

279 1263 329 1301 ad
359 1265 409 1302 40
439 1263 612 1302 continet
641 1262 704 1312 (de
731 1273 829 1300 anno
849 1264 897 1300 41
921 1265 1054 1309 postea
1074 1262 1228 1311 dicam),
1260 1262 1299 1300 id
1319 1263 1419 1309 quod
1437 1263 1551 1301 index
1571 1264 1767 1301 consulum

279 1328 327 1364 ab
347 1327 463 1364 initio
483 1327 597 1364 huius
616 1327 708 1363 libri
727 1327 875 1374 positus
894 1327 986 1373 vult,
1017 1327 1084 1364 sed
1112 1337 1230 1372 usque
1259 1327 1308 1363 ad
1337 1330 1497 1365 mortem
1525 1327 1766 1373 imperatoris

279 1390 445 1433 Claudii,
476 1392 499 1428 i.
532 1402 564 1428 e.
596 1402 735 1429 6111111111
765 1392 816 1428 54
845 1391 1081 1438 producitur.
1140 1391 1421 1428 Firmissimum
1459 1391 1618 1437 denique
1646 1402 1764 1438 argu-

277 1459 448 1492 mentum
477 1455 583 1501 capit
611 1454 811 1502 Xylander
839 1465 885 1490 ex
913 1455 973 1491 his
1000 1454 1145 1501 verbis,
1189 1465 1286 1500 quae
1329 1455 1369 1491 111
1406 1455 1599 1492 consulum
1640 1455 1765 1493 indice

277 1519 369 1557 libri
399 1520 448 1557 58
484 1518 533 1558 R.
571 1519 628 1556 St.
665 1520 861 1566 leguntur:
900 1517 1003 1559 οὗτος
1036 1518 1055 1555 ὁ
1086 1518 1244 1559 ἐνιαυτὸς
1279 1518 1349 1567 (sc.
1383 1519 1426 1557 G.
1458 1518 1634 1557 Caesaris
1661 1518 1763 1557 Cali-

277 1584 406 1629 gulae,
437 1584 507 1620 Gn.
539 1583 662 1619 Sentii
689 1583 887 1620 Saturnini
916 1582 1109 1619 consulum
1139 1583 1163 1620 i.
1185 1593 1216 1619 e.
1248 1582 1315 1629 41)
1345 1581 1386 1619 οὔ
1415 1581 1679 1631 συναριθμεῖται
1707 1582 1764 1619 διὰ

277 1647 318 1684 τὸ
347 1646 391 1684 τὰ
419 1646 531 1684 πλείω
561 1645 670 1683 αὐτοῦ
700 1645 742 1682 ἐν
772 1646 831 1695 τῷ
860 1644 1087 1695 ἑξηκοστῷ
1116 1645 1325 1696 γεγράφθαι.

384 1711 454 1747 His
483 1711 577 1747 mihi
606 1710 790 1747 nonnulla
819 1709 994 1747 addenda
1021 1710 1208 1747 videntur.
1268 1710 1436 1747 Dubium
1464 1721 1538 1747 non
1566 1713 1635 1757 est,
1671 1712 1763 1757 quin

277 1774 476 1821 Xylander
517 1776 623 1811 recte
658 1773 745 1811 illos
780 1772 900 1810 libros
935 1783 982 1810 ex
1009 1776 1193 1819 quattuor
1219 1773 1259 1810 in
1288 1773 1380 1812 duos
1407 1777 1561 1812 coactos
1589 1785 1672 1813 esse
1701 1774 1764 1812 in-

276 1839 469 1876 tellexerit
512 1842 550 1875 et
595 1838 685 1884 quin
726 1838 813 1884 ille,
859 1838 923 1883 qui
965 1838 1110 1875 indices
1151 1838 1335 1875 librorum
1370 1839 1433 1876 57.
1468 1842 1509 1876 et
1542 1840 1620 1884 59„
1662 1838 1761 1877 idem

277 1903 463 1941 librorum
493 1903 557 1941 58.
589 1905 629 1939 et
658 1902 720 1939 60.
744 1902 1012 1949 composuerit.
1070 1900 1111 1938 Si
1130 1905 1259 1939 autem
1280 1901 1326 1938 de
1345 1902 1401 1940 eis
1422 1902 1518 1940 locis
1540 1913 1764 1949 quaeremus

279 1967 416 2012 quibus
446 1966 585 2013 singuli
614 1966 705 2002 libri
734 1965 936 2002 dirimendi
965 1968 1069 2010 sunt,
1099 1966 1221 2002 minus
1250 1966 1426 2003 celeriter
1455 1966 1665 2005 diiudicare
1693 1977 1761 2015 po—

275 2030 451 2073 terimus,
496 2033 625 2067 utrum
660 2028 862 2075 Xylander
897 2029 938 2065 in
971 2028 1045 2066 hoc
1078 2032 1184 2066 recte
1220 2028 1344 2076 egerit
1371 2039 1500 2072 necne,
1535 2029 1761 2076 praesertim

278 2104 364 2131 cum
405 2104 513 2131 suam
555 2092 740 2131 librorum
783 2092 1010 2130 divisionem
1051 2102 1237 2138 nusquam
1281 2092 1472 2130 defendat.
1527 2093 1573 2130 In
1614 2094 1686 2131 hac
1718 2105 1761 2132 16

276 2158 443 2205 primum
469 2156 749 2205 respiciendum
778 2159 849 2203 est,
883 2156 983 2203 quod
1009 2156 1049 2194 in
1077 2156 1176 2194 libro
1198 2157 1245 2195 57
1275 2156 1388 2194 index
1407 2168 1533 2195 rerum
1555 2168 1639 2195 cum
1658 2161 1763 2196 cata·

275 2222 365 2269 logo
410 2222 604 2260 consulum
646 2222 771 2259 minus
813 2221 994 2268 congruit
1037 2231 1149 2267 quam
1184 2221 1223 2258 in
1257 2221 1356 2259 libro
1392 2222 1440 2259 59
1475 2222 1546 2259 Bk.
1564 2223 1674 2260 :58
1704 2222 1761 2268 St,

276 2285 373 2323 Cum
401 2286 502 2324 enim
529 2286 680 2324 Drusus
709 2296 808 2324 anno
839 2286 887 2323 23
918 2289 1091 2323 mortuus
1120 2286 1182 2327 sit,
1213 2286 1249 2323 ei
1278 2286 1462 2333 consules,
1493 2286 1559 2332 qui
1586 2287 1625 2323 in
1654 2290 1759 2325 cata-

273 2351 360 2398 logo
390 2351 480 2388 libri
511 2351 561 2388 57
581 2350 766 2398 postremi
787 2352 1070 2396 enumerantur,
1101 2361 1198 2387 anno
1220 2350 1269 2387 25
1290 2350 1557 2397 magistratum
1579 2350 1759 2390 inierunt.

272 2414 334 2452 De
362 2414 436 2452 fine
473 2415 591 2461 igitur
626 2415 716 2452 libri
751 2416 801 2452 57
831 2415 877 2451 R.
909 2413 965 2451 St.
1010 2415 1281 2460 quaerentibus
1327 2415 1436 2452 nobis
1478 2415 1760 2452 deliberandum

273 2481 343 2523 est,
373 2478 453 2515 utri
472 2477 591 2515 indici
610 2489 739 2516 rerum
762 2488 810 2515 an
830 2478 1027 2516 consulum
1049 2477 1172 2515 maior
1190 2477 1285 2516 fides
1304 2478 1440 2516 haberi
1458 2479 1590 2526 possit,
1619 2482 1759 2524 utrum,

274 2542 340 2588 qui
370 2542 457 2580 illos
485 2542 630 2580 indices
659 2542 879 2589 composuit,
921 2552 984 2579 res
1025 2542 1137 2579 annis
1179 2543 1241 2579 24.
1280 2544 1319 2580 et
1358 2542 1419 2580 25.
1448 2546 1575 2589 gestas
1603 2543 1762 2581 minoris

274 2606 457 2643 momenti
486 2608 681 2653 putaverit
716 2618 765 2644 an
800 2607 839 2644 in
875 2606 1144 2644 enumerandis
1179 2606 1400 2644 consulibus
1433 2617 1568 2654 parum
1601 2606 1761 2655 diligens

274 2669 405 2709 fuerit.
464 2670 569 2708 Idem
599 2671 647 2709 de
673 2671 746 2709 hac
773 2682 816 2708 re
846 2681 891 2708 ac
910 2669 1115 2718 Xylander
1144 2671 1315 2718 cogitare
1342 2671 1436 2708 mihi
1463 2671 1605 2709 videor.
1662 2671 1760 2710 Con-

274 2734 396 2771 sulum
426 2734 528 2771 enim
557 2734 713 2772 nomina
740 2734 830 2772 bina
859 2733 1075 2781 significant
1103 2744 1246 2771 annum
1265 2734 1457 2781 seriesque
1476 2735 1623 2782 aliquot
1641 2746 1760 2773 anno-

272 2808 358 2836 rum
399 2798 595 2836 indicatur
638 2799 737 2836 serie
779 2798 941 2836 totidem
975 2798 1126 2845 parium
1160 2799 1370 2845 consulum,
1412 2800 1469 2837 ita
1502 2804 1545 2838 ut
1572 2811 1618 2838 ne
1646 2811 1760 2838 unum
