2039 3254
868 315 1159 355 -10-

272 443 322 484 ὡς
349 441 394 479 τὰ
422 440 575 479 πάντοτε
604 442 720 490 ἔρυμα
749 439 979 489 διασώσηται,
1010 444 1049 479 et
1077 440 1199 479 addit:
1233 438 1454 487 „Xylandre
1483 440 1587 478 avait
1615 438 1751 478 devint&

274 507 427 556 ἔρυμα“,
457 515 542 541 cum
555 503 760 551 Xylander
779 502 1016 550 Stephanum
1043 508 1236 551 sequatur.
1279 503 1458 540 Ceterum
1487 503 1533 540 de
1551 502 1750 550 Xylandro

273 573 379 608 recte
421 568 536 612 dixit,
580 567 815 615 Stephanum
857 571 985 607 autem
1020 568 1133 607 video
1160 568 1381 606 habentem:
1425 567 1555 616 ἔρημα.
1611 566 1749 605 Leon:

275 636 408 678 „tanto
451 632 520 670 che
561 631 601 669 la
634 631 806 668 fortezza
838 632 922 669 loro
956 631 1061 670 salvo
1096 632 1187 679 ogni
1221 635 1331 670 cosa“
1376 631 1400 668 i.
1431 641 1464 669 e.
1492 633 1536 668 ut
1563 629 1750 668 fortitudo

272 707 402 735 eorum
430 696 556 734 omnia
583 697 768 732 servaret.
811 694 896 732 Hoc
924 695 1101 733 convenit
1118 695 1238 743 magis
1256 695 1305 733 ad
1322 694 1525 733 lectionem
1544 693 1749 741 Stephaniz

271 771 367 815 nam-
386 760 612 798 vocabulum
640 759 761 808 ἔρημα
779 757 1020 797 Leonicenus
1048 770 1124 797 non
1151 759 1342 797 intellexit
1368 759 1529 806 ideoque
1556 758 1683 796 omisit
1710 758 1751 796 in

271 824 472 866 vertend03
514 824 545 860 si
579 822 620 859 τὸ
654 823 771 872 ἔρυμα
805 823 845 859 in
879 833 948 860 suo
977 823 1107 861 codice
1134 823 1300 869 legisset,
1329 823 1400 861 hoc
1427 823 1672 861 reddidisset:
1720 822 1749 859 il

272 887 444 926 castello.

377 951 482 989 Huic
510 951 594 988 loco
623 950 834 997 depravato
863 951 897 988 si
925 950 1070 988 mederi
1097 952 1279 996 volumus,
1308 952 1597 989 reminiscamur
1623 949 1753 996 impri-

273 1016 345 1054 mis
372 1027 430 1059 ea,
461 1026 557 1062 quae
578 1014 722 1053 Caesar
740 1015 822 1062 ipse
841 1019 985 1063 narrat,
1016 1016 1055 1053 in
1075 1015 1286 1054 Comment.
1316 1014 1362 1054 de
1381 1014 1470 1055 bell.
1488 1014 1577 1063 gall.
1591 1013 1663 1061 III,
1684 1014 1748 1051 17:

275 1090 439 1125 „magna
475 1079 679 1116 multitudo
717 1079 884 1125 undique
914 1089 962 1116 ex
991 1080 1119 1117 Gallia
1147 1080 1383 1126 perditorum
1411 1079 1604 1116 hominum
1630 1078 1753 1114 latro-

272 1153 437 1190 numque
466 1145 715 1190 convenerat,
758 1153 852 1189 quos
886 1153 975 1191 spes
1002 1143 1211 1191 praedandi
1239 1142 1479 1190 studiumque
1509 1140 1675 1180 bellandi
1702 1139 1750 1178 ab

272 1207 507 1254 agricultura
536 1210 576 1243 et
603 1206 825 1253 quotidiano
844 1207 977 1244 labore
995 1211 1256 1245 revocaverat.
1299 1206 1461 1244 Sabinus
1475 1206 1609 1244 idoneo
1629 1204 1751 1242 omni-

271 1271 343 1308 bus
383 1271 498 1309 rebus
538 1271 624 1309 loco
659 1271 796 1309 castris
830 1281 912 1309 sese
945 1272 1120 1317 tenebat,
1162 1281 1246 1309 cum
1274 1269 1476 1310 Viridovix
1504 1272 1639 1308 contra
1666 1278 1749 1307 eum

274 1335 388 1372 duum
439 1335 601 1372 millium
647 1334 773 1382 spatio
821 1335 1055 1373 consedisset
1101 1335 1341 1381 quotidieque
1386 1334 1583 1382 productis
1629 1333 1749 1381 copiis

274 1399 471 1446 pugnandi
504 1402 737 1446 potestatem
771 1397 931 1442 faceret,
975 1401 1017 1436 ut
1044 1399 1120 1436 iam
1148 1410 1223 1436 non
1250 1399 1369 1436 solum
1397 1398 1567 1436 hostibus
1595 1398 1635 1435 in
1663 1408 1751 1436 con-

275 1463 522 1509 temptionem
550 1463 701 1500 veni-ret
718 1461 892 1509 Sabinus,
922 1462 990 1500 sed
1018 1463 1135 1500 etiam
1162 1465 1380 1500 nostrorum
1408 1462 1572 1499 militum
1596 1462 1752 1500 vocibus

274 1526 450 1564 nonnihil
477 1530 718 1575 carperetur3
749 1530 971 1573 tantamque
999 1527 1210 1575 opinionem
1229 1527 1379 1565 timoris
1396 1527 1584 1574 praebuit,
1613 1529 1657 1564 ut
1675 1527 1751 1564 iam

273 1591 322 1628 ad
349 1590 492 1628 vallum
521 1594 733 1629 castrorum
760 1591 888 1628 hostes
907 1590 1088 1628 accedere
1107 1590 1329 1628 auderent.“
1374 1590 1481 1637 Quod
1501 1590 1642 1628 Caesar
1661 1600 1750 1628 con·

272 1655 373 1693 sulto
402 1666 447 1693 ac
475 1656 645 1702 cogitate
664 1654 847 1693 Sabinum
875 1654 1011 1693 fecisse
1040 1658 1186 1700 narrat,
1215 1658 1258 1692 ut
1277 1654 1443 1702 speciem
1463 1655 1612 1693 timoris
1632 1665 1747 1702 prae-

273 1719 366 1756 bens
395 1719 719 1765 opportunitatem
748 1718 914 1765 aliquam
933 1721 1164 1765 expectaret,
1194 1718 1234 1756 id
1248 1718 1322 1756 Dio
1342 1729 1432 1756 vero
1451 1719 1588 1757 timore
1607 1719 1752 1756 factum

273 1793 354 1821 esse
388 1782 520 1820 refert.
564 1783 815 1821 Recentiores
850 1783 1017 1821 editores
1051 1783 1270 1822 emendant:
1308 1781 1386 1825 ὦκ’
1417 1782 1554 1833 ἀγαπᾶν
1583 1782 1644 1821 ἐὰν
1673 1781 1747 1832 (ἂν)

271 1846 313 1884 τό
339 1845 368 1895 γ’
398 1847 513 1897 ἔρυμα
542 1846 767 1896 διασώσηται,
815 1846 891 1885 Sed
917 1848 976 1885 ita
1001 1846 1148 1885 Caesar
1175 1851 1214 1885 et
1234 1847 1307 1885 Dio
1335 1858 1411 1886 non
1439 1849 1559 1886 solum
1588 1848 1634 1886 de
1663 1857 1750 1886 con-

271 1910 358 1947 silio
374 1911 515 1955 Sabini,
544 1911 611 1948 sed
639 1912 756 1948 etiam
785 1910 830 1948 de
858 1910 969 1948 factis
998 1911 1271 1958 discreparent,
1302 1912 1403 1957 quod
1423 1911 1597 1958 equidem
1615 1915 1751 1959 putare

270 1974 400 2012 nolim.
444 1974 543 2012 Nam
570 1975 603 2013 si
622 1973 786 2013 Sabinus
814 1978 942 2013 castra
969 1985 1038 2013 sua
1066 1975 1273 2014 defendere
1301 1976 1397 2014 satis
1424 1986 1611 2023 superque
1638 1978 1751 2023 puta·

271 2038 338 2085 vit,
367 2039 467 2084 quod
494 2038 590 2075 dicit
607 2038 815 2085 Xylander‚
845 2039 934 2076 inde
963 2049 1193 2084 consequens
1213 2049 1296 2076 esse
1317 2039 1411 2075 mihi
1429 2039 1593 2084 videtur,
1622 2040 1662 2076 in
1680 2039 1749 2076 illa

273 2104 398 2140 castra
425 2101 678 2140 incursionem
706 2101 851 2139 factam
879 2112 974 2139 esse.
1017 2100 1129 2149 Quod
1157 2110 1279 2147 neque
1298 2100 1376 2139 Dio
1406 2103 1519 2139 antea
1546 2105 1683 2140 narrat
1710 2106 1750 2140 et

274 2165 417 2204 Caesar
446 2166 506 2204 vel
532 2169 653 2212 negat
679 2165 824 2204 factum
851 2175 952 2212 esse,
992 2176 1076 2203 cum
1104 2166 1231 2203 hostes
1261 2165 1410 2203 nonnisi
1437 2165 1487 2203 ad
1514 2165 1658 2203 vallum
1685 2177 1747 2204 ca-

274 2233 440 2267 strorum
468 2229 648 2268 accedere
676 2239 787 2268 ausos
814 2240 896 2268 esse
924 2229 1037 2267 dicat.
1080 2228 1182 2267 Puto
1202 2229 1302 2267 enim
1320 2227 1497 2267 Caesaris
1516 2222 1751 2276 aliquantum

274 2293 511 2340 interfuisse,
547 2304 595 2331 ne
627 2294 839 2342 periculum
868 2293 1000 2332 Sabini
1027 2294 1151 2332 minus
1178 2293 1386 2333 videretur.
1448 2293 1524 2332 His
1551 2293 1599 2332 de
1627 2294 1750 2333 causis

274 2357 381 2396 illam
408 2357 597 2396 editorum
624 2358 878 2396 coniecturam
904 2368 979 2395 non
1006 2358 1139 2406 probo,
1168 2357 1237 2396 sed
1264 2360 1357 2405 puto
1387 2356 1570 2396 Sabinum
1597 2358 1752 2406 eiusque

274 2422 418 2460 milites
451 2423 528 2459 iam
561 2422 684 2468 primo
713 2432 898 2460 concursu
926 2422 990 2470 (τὰ
1016 2421 1159 2472 πρῶτα)
1187 2422 1282 2460 adeo
1310 2423 1538 2469 perterritos
1566 2433 1666 2468 esse,
1706 2426 1750 2459 ut

275 2495 404 2524 omnes
429 2486 471 2523 in
499 2488 627 2523 castra
643 2484 827 2532 fugerent,
858 2489 897 2523 et
916 2485 1087 2523 codicum
1105 2485 1269 2524 lectione
1283 2496 1394 2532 quam
1416 2496 1569 2533 possum
1588 2485 1750 2524 maxime

274 2553 501 2588 conservata
528 2553 676 2587 textum
703 2550 760 2587 ita
788 2550 994 2587 constituo:
1039 2549 1129 2590 ὦςτε
1163 2551 1231 2586 πᾶν
1269 2549 1351 2587 τότε
1388 2549 1424 2590 ἐς
1457 2550 1498 2586 τὸ
1527 2551 1642 2600 ἔρυμα
1671 2551 1750 2587 δια-

273 2612 451 2656 σώζεσθαι
478 2612 546 2662 (cf.
574 2613 613 2650 in
641 2613 666 2651 l.
698 2613 761 2659 36,
791 2613 813 2651 3
843 2613 962 2650 Bkk.:
993 2614 1062 2650 πᾶν
1090 2612 1130 2650 τὸ
1159 2612 1296 2662 νικῶν).

379 2678 449 2715 His
490 2677 603 2723 locis,
646 2677 783 2724 quibus
817 2678 911 2715 alios
944 2677 1086 2715 addere
1115 2688 1286 2725 possum,
1329 2678 1581 2717 demonstrari
1608 2682 1746 2727 potest,

273 2743 420 2781 codices
447 2741 657 2780 Leoniceni
700 2745 740 2779 et
767 2740 816 2780 R.
846 2739 1033 2788 Stephani
1067 2751 1142 2779 non
1177 2741 1378 2780 admodum
1411 2742 1514 2781 inter
1540 2753 1580 2782 se
1608 2742 1750 2781 discre-
