2039 3254
847 331 1139 372 --21-.

250 460 377 495 tamen
404 457 599 504 dispositio
628 457 828 496 enuntiati.
851 457 1048 503 utriusque
1084 457 1270 504 postulat,
1315 460 1357 495 ut
1391 472 1430 494 τε
1466 458 1638 504 sequenti
1673 456 1735 495 καί

251 521 497 568 respondeat:

319 584 352 624 I.
398 586 432 624 1.
494 585 537 624 τὰ
566 586 631 636 μὲν
661 584 754 625 ἅλλα
787 584 1004 636 διηρπάσθη,

401 650 467 688 2a.
498 649 561 691 τὰς
593 650 632 687 δὲ
661 652 829 699 γυναῖκας
857 648 1009 699 ἐφύλαξε

423 715 462 753 b.
490 714 550 753 καὶ
577 714 661 756 τοὺς
691 713 821 765 ἄνδρας
850 714 1141 765 προςεποιήσατο.
1166 710 1172 715 ’

301 778 354 816 II.
401 780 433 816 1.
492 778 552 816 τόν
580 794 620 817 τε
650 782 711 830 τῆς
731 778 782 818 Κ.
803 779 949 829 βασιλέα
968 778 1156 830 Ἀντίοχον

400 843 435 881 2.
492 842 551 881 καὶ
574 841 834 894 Ἀλχαυδόνιον
1182 783 1208 893 ll-
1230 841 1386 885 ἐδέξατο.

401 908 435 945 3.
492 905 622 948 ἅλλους
648 922 688 944 τε
1185 897 1197 954 J

250 969 333 1008 Nec
361 980 453 1008 vero
482 981 541 1008 me
570 970 691 1018 fugit,
730 981 798 1008 cur
822 970 1048 1009 Dindorfius
1082 971 1155 1008 hoc
1193 971 1277 1008 loco
1307 980 1330 1007 a
1359 970 1498 1008 ceteris
1525 969 1730 1016 discrepet3

251 1034 478 1081 particulam
509 1035 607 1072 enim
634 1034 685 1083 (si
713 1049 753 1072 τε
783 1035 831 1073 ad
860 1046 1024 1082 sequens
1068 1034 1129 1073 καὶ
1161 1034 1346 1083 refertur)
1388 1035 1471 1072 iure
1512 1034 1732 1072 desi-derare

252 1098 416 1143 videtur,
446 1109 544 1145 quae
572 1099 779 1137 secundum
808 1100 1048 1137 enuntiatum
1085 1110 1169 1137 cum
1203 1099 1330 1146 priore
1360 1098 1574 1145 coniungat.
1632 1098 1732 1136 Huic

254 1162 422 1201 defectui
449 1167 493 1201 ut
519 1164 682 1211 medear,
713 1164 812 1202 hanc
840 1153 1011 1212 propono
1046 1164 1267 1202 lectionem:
1313 1162 1373 1201 καὶ
1406 1162 1488 1204 τοὺς
1523 1161 1653 1213 ἄνδρας
1682 1185 1729 1190 ——

252 1216 547 1278 ffpoceato'trjootro·
575 1229 677 1266 τότε
707 1229 752 1266 δὲ
780 1228 840 1266 τόν
868 1244 907 1267 τε
935 1231 999 1279 τῆς
1028 1227 1075 1267 Κ.
1105 1228 1249 1278 βασιλέα
1277 1230 1353 1266 κτλ.

354 1293 402 1330 In
429 1304 461 1331 c.
493 1294 542 1331 23
570 1294 741 1332 eiusdem
768 1294 857 1332 libri
886 1294 1035 1332 codices
1071 1293 1258 1341 praebent
1293 1292 1440 1331 ἄπιστον
1468 1292 1528 1330 τὸν
1556 1291 1728 1341 πόλεμον,

252 1367 364 1403 quam
382 1357 583 1395 lectionem
602 1358 814 1404 Reimarus,
834 1357 1019 1404 Sturzius,
1048 1357 1251 1395 Bekkerus
1269 1357 1450 1402 retinent,
1480 1367 1563 1394 cum
1582 1357 1661 1403 alii,
1690 1356 1729 1393 in

251 1421 311 1459 his
338 1421 577 1465 Dindorfius‚
626 1432 709 1459 eam
744 1422 976 1459 mutaverint
1008 1422 1047 1459 in
1087 1420 1283 1459 ἄσπειστον.
1339 1421 1407 1459 11Ιί
1440 1425 1546 1459 recte
1580 1420 1729 1467 quidem

255 1485 386 1522 dicunt
413 1495 545 1523 vocem
574 1483 718 1525 ἄπιστος
748 1496 822 1522 non
851 1486 973 1522 solum
1001 1486 1187 1532 personis,
1215 1485 1284 1522 sed
1304 1486 1418 1523 etiam
1438 1484 1552 1522 rebus
1570 1485 1731 1521 attribui

250 1560 372 1596 posse,
409 1552 448 1587 et
475 1548 680 1588 Reimarus
718 1548 878 1598 πόλεμον
915 1547 1058 1586 ἄπιστον
1093 1550 1258 1597 explicat
1295 1549 1477 1595 „bellum‚
1512 1548 1612 1595 quod
1645 1560 1729 1587 cum

254 1614 408 1650 minime
436 1624 594 1651 caveres
621 1616 782 1660 praeter
808 1613 920 1651 fidem
949 1613 1078 1651 datam
1105 1614 1366 1652 movebatur“.
1422 1614 1504 1652 Nec
1528 1623 1617 1651 vero
1645 1613 1730 1660 plus

257 1688 369 1724 quam
396 1688 511 1714 unum
541 1678 755 1724 exemplum
783 1677 950 1715 afferunt
976 1677 1089 1724 idque
1118 1688 1166 1715 ex
1193 1677 1392 1715 Plutarchi
1419 1677 1545 1716 Numa
1576 1678 1644 1714 12:
1679 1677 1730 1718 ὡς

251 1742 446 1779 ἔκσπονδον
474 1740 533 1779 καὶ
562 1740 706 1779 ἄπιστον
735 1740 795 1779 καὶ
823 1740 1087 1789 ἀκατάγγελτον
1117 1740 1372 1792 ἐξενηνοχότος
1399 1741 1487 1791 πρὸς
1515 1739 1644 1782 αὐτοὺς
1663 1741 1728 1778 πό-

250 1808 372 1855 λεμον.
429 1807 566 1846 Utrum
594 1807 664 1845 hoc
682 1807 767 1844 loco
789 1804 934 1844 ἄπιστον
953 1806 1157 1853 genuinum
1177 1806 1230 1844 sit
1247 1816 1378 1850 necne,
1407 1817 1484 1844 non
1503 1806 1724 1849 diiudicem;

246 1871 346 1917 quod
374 1874 502 1909 autem
530 1871 730 1909 Reimarus
764 1874 877 1919 putat
914 1869 1101 1908 ἄσπειστον
1134 1881 1203 1919 pro
1239 1869 1382 1909 ἄπιστον
1417 1875 1504 1918 post
1531 1871 1726 1909 ἔκσπονδον

249 1937 386 1983 ,minus
414 1936 636 1974 concinnum
664 1947 758 1982 esse,
793 1936 1022 1983 praesertim
1052 1947 1137 1974 cum
1175 1937 1298 1973 omnia
1334 1936 1532 1984 ipsumque
1567 1947 1726 1983 sequens

248 2000 512 2049 ἀκατάγγελτον
541 2001 591 2038 ad
618 2000 761 2048 perfida
788 2001 879 2039 belli
907 2001 1030 2046 initia,
1059 2012 1135 2039 non
1164 2001 1215 2038 ad
1243 2001 1536 2038 diuturnitatem
1555 2000 1726 2038 referan-

246 2066 347 2112 tur-⁴⁶,
378 2065 449 2103 hoc
476 2065 571 2103 mihi
597 2065 750 2103 minime
787 2065 985 2112 probatur.
1042 2065 1142 2104 Nam
1185 2076 1258 2103 vox
1299 2065 1494 2106 ἔκσπονδος
1526 2065 1550 2102 i.
1587 2076 1619 2103 e.
1655 2063 1724 2107 ἔξω

250 2132 322 2167 τῶν
352 2131 513 2167 σπονδῶν
541 2129 611 2180 ἤδη
639 2129 886 2180 γεγενημένων
914 2130 1117 2168 referenda
1144 2134 1203 2168 est
1238 2130 1287 2168 ad
1321 2129 1478 2168 foedera
1504 2130 1581 2168 iam
1609 2130 1724 2176 facta,

249 2205 341 2240 quos
369 2194 408 2231 in
437 2194 536 2232 bello
564 2195 784 2232 imminente
812 2195 1021 2242 pugnaturi
1048 2204 1122 2231 non
1156 2194 1343 2232 curabunt
1370 2194 1436 2243 (cf.
1466 2195 1631 2243 ἔκνομος,
1660 2195 1725 2233 ἔκ-

247 2273 339 2305 νους,
370 2259 533 2303 ἔκτοπος,
563 2258 741 2308 ἔκθεσμος
769 2259 872 2307 ete),
907 2257 1093 2300 ἄσπειστος
1122 2263 1250 2298 autem
1279 2262 1339 2298 est
1366 2258 1536 2308 πόλεμος,
1566 2258 1603 2296 ἐν
1633 2256 1666 2309 ᾦ
1692 2259 1724 2296 οἱ

247 2325 480 2373 πολεμῶντες
508 2322 549 2361 οὔ
578 2322 778 2362 σπείσονται
804 2324 830 2362 i.
861 2335 893 2362 e.
923 2323 1024 2371 quod
1058 2323 1198 2362 bellum
1233 2324 1337 2362 nullo
1366 2326 1614 2372 componetur
1640 2324 1723 2362 foe-

247 2389 349 2432 dere,
380 2392 419 2426 et
447 2390 614 2436 pertinet
641 2389 691 2426 ad
718 2389 878 2427 foedera
905 2400 1062 2436 prorsus
1089 2389 1368 2427 nonfacienda.
1417 2390 1470 2426 Et
1494 2400 1562 2426 cur
1580 2388 1723 2429 ἄπιστος

247 2453 314 2490 illo
342 2452 541 2491 Plutarchi
567 2453 650 2491 loeo
679 2453 802 2491 minus
830 2453 905 2501 „ad
933 2453 1225 2491 diuturnitatem
1253 2453 1368 2491 belli“
1403 2453 1644 2491 referendum
1671 2453 1724 2491 sit

248 2528 359 2564 quam
388 2516 585 2564 ἄσπειστος,
622 2517 771 2555 omnino
806 2529 883 2555 non
914 2518 1113 2564 intellego,
1150 2528 1234 2554 oum
1269 2516 1412 2558 ἄπιστος
1439 2517 1599 2565 πόλεμος
1626 2518 1722 2555 nihil

246 2581 351 2619 aliud
392 2580 609 2629 significare
650 2581 772 2629 possit
813 2592 926 2629 quam
965 2582 1107 2619 bellum
1148 2581 1238 2619 fidei
1271 2592 1408 2629 expers
1442 2585 1483 2618 et
1515 2582 1584 2619 illa
1610 2592 1723 2628 quam

245 2645 357 2684 modo
399 2646 514 2683 attuli
546 2646 720 2684 Reimari
760 2646 986 2694 significat-io
1025 2647 1137 2684 nimis
1171 2646 1381 2684 artificiosa
1415 2657 1497 2684 esse
1530 2646 1720 2684 videatur.

247 2709 423 2747 Ceterum
450 2721 574 2748 nonne
602 2711 655 2760 τῷ
683 2710 818 2759 ἀπίστῳ
846 2709 998 2760 πολέμῳ
1030 2711 1276 2758 opponendus
1304 2714 1406 2749 esset
1433 2710 1588 2757 quidam
1617 2709 1723 2748 πόλε-

246 2788 313 2824 μος
341 2773 460 2816 πιστός
488 2775 511 2812 i.
544 2787 593 2821 e.,
622 2775 653 2813 si
683 2775 776 2812 mihi
804 2775 893 2813 licet
920 2774 1094 2813 Reimari
1121 2776 1238 2815 verba
1259 2776 1413 2820 imitari,
1442 2775 1594 2821 bellum,
1623 2775 1722 2822 quod
