2039 3254
860 328 1152 366 —14-

267 455 448 491 nicenus“
493 454 680 500 appellari
722 454 864 500 potuit:
907 453 1060 490 minime
1101 453 1306 490 verisimile
1347 457 1474 491 autem
1515 458 1625 501 putes
1658 464 1743 491 eum

265 517 430 565 primum
472 528 495 555 a
535 515 664 564 patria
705 526 912 564 cognomen
956 515 1216 554 Leonicenum
1257 516 1467 563 accepisse,
1503 516 1638 555 deinde
1671 517 1742 554 hoc

266 591 474 627 cognomen
501 581 683 619 Latinum
711 581 849 618 Italice
889 581 1151 624 „Leoniceno“
1188 580 1412 618 reddidisse.
1467 581 1602 628 Neque
1643 581 1742 619 enim

265 643 337 681 hoc
379 643 656 692 philologorum
697 643 802 682 illius
844 643 986 682 aetatis
1028 646 1125 682 erat.
1156 665 1204 670 —
1243 643 1445 681 Nicolaum
1484 643 1742 682 Leonicenum

264 710 401 753 postea
435 707 590 745 Patavii
622 708 889 755 philosophiae
929 711 967 745 et
1001 708 1212 745 medicinae
1247 707 1455 745 studiosum
1491 708 1608 746 fuisse
1642 708 1742 746 idem

267 769 495 808 Tiraboschi
524 775 582 809 est
608 774 745 809 auctor
773 774 812 808 et
831 781 931 808 anno
955 771 1056 808 1464
1076 770 1298 808 Ferrariam
1316 782 1357 808 se
1377 770 1581 809 contulisse
1599 771 1739 817 ibique,

266 833 355 870 dum
384 834 549 872 decessit
576 845 674 872 anno
709 836 826 881 1524,
870 835 1027 872 iuvenes
1061 835 1369 872 mathematicam
1397 838 1437 872 et
1463 834 1743 881 philosophiam

267 897 453 935 docuisse.
510 898 654 936 Multos
681 909 819 945 eosque
846 898 892 936 de
911 898 1029 936 variis
1048 898 1161 936 rebus
1180 898 1390 946 composuit
1407 898 1539 943 libros,
1569 910 1589 935 e
1608 898 1743 944 quibus

265 961 337 998 hoc
365 962 450 998 loco
478 962 629 999 nonnisi
656 962 863 1008 scriptores
892 963 941 998 ab
970 972 1015 999 eo
1035 962 1075 999 in
1093 962 1264 1008 linguam
1282 962 1462 999 Latinam
1482 965 1549 999 aut
1567 962 1742 999 Italicam

265 1023 474 1062 translatos
509 1035 806 1063 commemorare
849 1024 944 1062 mihi
983 1025 1092 1070 licet,
1136 1023 1343 1070 Ga1enum,
1386 1025 1586 1063 historiam
1620 1024 1744 1063 Cassii

266 1087 414 1132 Dionis,
459 1088 630 1136 dialogos
658 1088 836 1133 Luciam,
882 1088 1062 1135 Procopii
1095 1088 1236 1125 bellum
1265 1088 1490 1137 Goticum.¹)
1544 1089 1624 1126 Nec
1651 1099 1741 1126 vero

266 1163 311 1189 ex
341 1152 421 1189 ulla
448 1163 490 1189 re
519 1152 744 1189 concludere
772 1163 942 1198 possum,
986 1163 1060 1197 quo
1103 1152 1231 1190 codice
1262 1152 1402 1190 Dionis
1436 1153 1619 1190 historiae
1653 1163 1742 1190 usus

265 1215 327 1252 sit.
383 1214 471 1252 Hoc
498 1225 613 1252 unum
644 1216 794 1263 cognita
822 1215 904 1253 eius
932 1216 1013 1252 vita
1039 1216 1133 1253 mihi
1161 1216 1354 1263 apparuit,
1383 1216 1519 1253 mirum
1546 1227 1621 1253 non
1646 1226 1740 1258 esse,

265 1288 332 1314 cur
359 1278 420 1316 vir
447 1278 513 1315 ille
543 1282 674 1317 tantae
704 1282 856 1325 tamque
886 1279 1018 1316 variae
1046 1279 1243 1324 scientiae,
1277 1279 1359 1325 qui,
1394 1289 1479 1316 cum
1512 1280 1674 1317 maxime
1700 1279 1740 1316 in

265 1344 348 1379 arte
377 1341 526 1379 medica
556 1344 594 1379 et
621 1341 906 1387 mathematica,
948 1341 987 1378 in
1029 1342 1198 1380 naturali
1238 1341 1402 1380 historia
1434 1345 1473 1380 et
1499 1342 1741 1390 philosophia

262 1410 495 1448 versaretur,
525 1406 896 1452 quantulumcunque
921 1406 993 1443 otii
1012 1407 1048 1443 ei
1066 1407 1250 1451 restabat,
1278 1406 1473 1444 vertendis
1492 1407 1740 1453 scriptoribus

264 1468 424 1507 Graecis
466 1469 696 1516 impertivit,
740 1470 813 1507 hoc
853 1469 974 1507 libere
1010 1472 1124 1516 atque
1157 1469 1349 1507 interdum
1376 1480 1511 1517 parum
1538 1469 1741 1517 diligenter

262 1532 408 1570 fecerit.
467 1532 645 1570 Ceterum
674 1544 722 1570 ne
752 1533 834 1578 quis
861 1533 935 1569 hac
963 1532 1009 1569 de
1038 1543 1152 1570 causa
1179 1533 1337 1569 minoris
1365 1543 1451 1569 eum
1479 1533 1614 1578 faciat,
1650 1544 1741 1570 con-

262 1596 366 1634 ferat
398 1596 518 1635 verba
553 1595 664 1634 Pauli
697 1595 727 1635 J
729 1596 805 1634 ovii
846 1595 993 1644 (elogia
1027 1596 1224 1634 doctorum
1258 1596 1438 1634 virorum.
1481 1596 1568 1634 Bas.
1608 1597 1738 1646 1556),

264 1670 359 1706 quae
379 1659 606 1698 Tiraboschi
634 1661 658 1697 l.
680 1670 712 1698 c.
743 1660 874 1698 affert:
905 1660 1158 1708 ‚‚(11Giovio)
1186 1660 1377 1707 aggiugne
1397 1660 1467 1697 che
1496 1660 1533 1697 ei
1559 1660 1601 1697 fu
1627 1671 1739 1699 nomo

261 1723 512 1772 parchissimo
556 1724 594 1762 di
636 1735 753 1763 sonno
797 1735 817 1762 e
853 1724 892 1762 di
928 1724 1032 1769 cibo,
1067 1723 1245 1763 d'illibati
1274 1724 1444 1769 costumi‚
1474 1725 1739 1773 spreggiatore

262 1788 362 1824 delle
390 1788 599 1831 ricchezze‚
630 1800 651 1825 e
681 1789 750 1825 che
778 1798 854 1825 non
875 1798 1085 1826 conosceva
1103 1799 1177 1834 pur
1194 1789 1231 1825 le
1251 1792 1414 1832 monete,
1443 1788 1521 1825 tale
1540 1789 1580 1825 in
1599 1799 1739 1827 somma

261 1851 329 1889 che
357 1851 518 1890 sarebbe
547 1853 649 1889 stato
679 1851 836 1890 creduto
866 1862 939 1889 uno
969 1851 1110 1897 stoico,
1152 1862 1193 1889 se
1226 1862 1302 1889 non
1329 1862 1459 1889 avesse
1488 1862 1635 1900 sempre
1663 1863 1740 1890 mo·

261 1918 383 1953 strato
412 1925 462 1952 un
492 1916 704 1953 sembiante
733 1915 824 1954 lieto
853 1926 874 1953 e
902 1916 1138 1962 piacevole“.

366 1978 478 2027 Quod
508 1979 649 2017 attinet
677 1978 727 2016 ad
754 1978 1025 2026 praefationes,
1056 1990 1150 2027 quas
1178 1989 1295 2026 supra
1314 1980 1614 2027 commemoravi,
1645 1980 1740 2018 Leo-

260 2044 416 2081 nicenus
445 2053 522 2081 non
547 2043 630 2091 ipse
659 2042 832 2082 Cassium
859 2043 1024 2082 Dionem
1053 2055 1077 2082 a
1105 2055 1145 2082 se
1181 2053 1332 2082 versum
1368 2043 1506 2090 edidit,
1548 2044 1615 2082 sed
1655 2047 1742 2092 post

263 2108 345 2145 eius
372 2111 534 2145 mortem
561 2107 665 2145 Joan
693 2108 909 2146 Fortunato
939 2107 1104 2155 quidam,
1135 2108 1239 2146 cuius
1267 2108 1307 2146 in
1334 2119 1468 2146 manus
1497 2119 1587 2147 casu
1614 2108 1739 2155 aliquo

261 2172 472 2209 Leoniceni
515 2182 610 2218 opus
652 2171 831 2210 incidisse
873 2172 1034 2209 videtur.
1098 2171 1338 2210 Bernardino
1380 2171 1545 2209 Barboio
1586 2171 1740 2217 quidam

261 2236 400 2272 librum
435 2236 523 2273 duci
550 2236 712 2273 Herculi
741 2235 896 2273 Estensi
931 2236 1132 2273 dedicavit.
1189 2236 1251 2273 De
1284 2239 1443 2281 utroque
1477 2236 1612 2272 horum
1645 2236 1739 2272 nihil

263 2299 427 2346 amplius
455 2298 564 2345 potui
591 2298 788 2345 indagare.
846 2298 1057 2337 Leoniceni
1083 2309 1218 2337 nomen
1247 2309 1430 2345 nusquam
1458 2298 1532 2336 nisi
1560 2298 1599 2336 in
1626 2298 1739 2337 titulo

262 2363 447 2409 scriptum
475 2362 629 2408 legitur.
687 2361 752 2410 (cf.
782 2362 987 2406 Addenda‚
1017 2362 1062 2410 Ι).

366 2535 526 2573 Roberti
558 2534 746 2583 Stephani
777 2535 894 2572 editio
923 2536 1104 2573 Lutetiae
1139 2545 1235 2572 anno
1268 2535 1367 2572 1548
1403 2535 1534 2573 eodem
1568 2536 1606 2572 in
1633 2537 1739 2573 volu-

260 2599 360 2637 mine
389 2611 435 2637 ac
464 2600 641 2647 Dionysii
678 2599 960 2638 Halicarnassii
995 2599 1156 2638 historia
1192 2599 1379 2647 impressa
1411 2610 1431 2637 e
1467 2599 1595 2638 codice
1628 2599 1737 2638 Pari-

355 2699 384 2741 ¹)
413 2696 465 2733 Cf.
495 2697 607 2733 etiam
634 2707 727 2744 quae
755 2696 845 2732 dicit
872 2696 952 2733 Jac.
979 2696 1072 2734 Phil.
1098 2697 1297 2742 Bergomas
1325 2697 1363 2732 in
1390 2697 1645 2743 supplemento
1671 2708 1736 2734 suo

257 2755 514 2790 chronicarum
538 2756 639 2800 (Ven.
669 2756 781 2799 1513).
808 2766 894 2800 pag.
918 2756 997 2790 333.
