2039 3254
874 360 1166 401 —20-

278 485 456 523 lacunam
485 484 729 531 constituere,
760 485 914 523 etiamsi
941 485 1036 523 nihil
1065 486 1171 523 aliud
1206 485 1407 534 archetypi
1443 488 1621 526 amissum
1649 490 1761 535 puta-

278 560 361 586 mus
395 549 470 586 nisi
504 549 658 586 titulum
694 549 785 586 libri
820 550 870 587 60
907 560 991 587 cum
1027 550 1229 603 indicibus.
1285 550 1415 588 Etiam
1450 552 1521 590 hoc
1548 552 1633 590 loco
1662 553 1761 590 enim

279 616 430 650 constat
470 613 646 653 lacunam
689 612 831 650 codicis
873 612 1011 651 Veneti
1052 612 1094 661 (a
1127 613 1154 651 1.
1193 614 1258 656 59,
1289 613 1457 662 25—60,
1489 614 1531 664 2)
1572 615 1763 664 Xiphilini

278 687 396 724 opera
424 678 463 714 in
491 678 631 716 ceteris
660 678 853 716 codicibus
882 678 1074 725 expletam
1103 689 1204 719 esse:
1236 689 1358 725 neque
1386 679 1562 718 hocloco
1583 691 1606 718 a
1625 680 1761 727 Xiphi-

277 742 354 779 lino
396 752 458 779 res
499 742 580 779 nlla
614 742 770 780 maioris
806 742 988 779 momenti
1023 742 1162 780 omissa
1191 753 1274 780 esse
1301 743 1467 782 videtur.
1523 743 1645 782 Plane
1673 755 1762 792 per·

278 807 450 854 spicuum
479 807 603 853 igitur
632 810 691 844 est
720 807 872 845 nonnisi
890 807 1085 854 Xiphilini
1114 808 1228 855 culpa
1254 808 1361 846 illam
1389 809 1547 846 duorum
1576 809 1761 846 librorum

277 872 316 908 in
344 882 459 908 unum
490 872 790 910 contractionem
818 872 962 909 factam
992 882 1086 919 esse,
1118 882 1202 909 cum
1230 873 1294 910 hic
1321 884 1391 911 sua
1418 878 1550 920 sponte
1575 873 1762 911 librorum

277 935 561 973 distinctionem
590 947 746 982 prorsus
774 937 1002 983 neglexerit,
1033 946 1146 981 quam
1172 940 1286 974 antea
1304 936 1446 975 factam
1464 937 1579 975 fuisse
1598 937 1763 975 Photius

280 999 356 1035 iam
404 1003 444 1035 et
489 999 628 1037 Suidas
675 1002 852 1037 auct-ores
900 1002 1004 1043 sunt,
1060 1000 1123 1045 qui
1172 1003 1262 1038 ante
1308 1001 1548 1048 Xiphilinum
1592 1000 1760 1038 fuerunt.

279 1062 402 1110 Quam
430 1063 576 1101 indocti
604 1067 731 1101 autem
762 1064 798 1100 ei
826 1063 985 1108 fuerint,
1023 1064 1088 1110 qui
1118 1064 1268 1102 codices
1302 1065 1509 1103 deteriores
1536 1065 1761 1102 recentioris

279 1128 418 1164 aetatis
461 1138 507 1164 ex
541 1127 694 1166 Veneto
739 1127 1042 1175 descripserunt,
1086 1139 1134 1165 ex
1176 1139 1220 1166 eo
1263 1129 1438 1176 intellegi
1480 1132 1621 1176 potest,
1663 1128 1762 1175 quod

279 1192 429 1230 amissis
459 1192 685 1239 quibusdam
714 1191 853 1229 Veneti
881 1191 987 1229 foliis
1014 1191 1144 1230 facere
1173 1203 1247 1229 non
1275 1196 1497 1240 potuerunt,
1533 1196 1576 1230 ut
1610 1192 1687 1240 ipsi
1714 1193 1763 1230 ad

278 1256 400 1294 libros
429 1257 478 1294 58
511 1261 550 1294 et
580 1257 629 1294 60
658 1256 758 1294 tales
787 1256 932 1294 indices
960 1259 1241 1303 componerent,
1272 1258 1403 1303 quales
1422 1268 1556 1295 manus
1576 1257 1761 1304 quaedam

277 1321 469 1359 recentior
497 1321 636 1359 cet-eris
665 1321 775 1358 libris
803 1322 843 1357 in
871 1321 1017 1358 Veneto
1048 1325 1088 1358 et
1117 1322 1156 1358 in
1175 1321 1277 1358 Med.
1310 1323 1371 1368 70,
1394 1323 1415 1359 8
1445 1322 1758 1370 praescripserat,

277 1385 343 1421 sed
373 1389 516 1422 temere
544 1385 676 1432 paucis
704 1385 861 1422 mutatis
889 1385 1079 1431 Xiphilini
1112 1386 1232 1422 verba
1266 1386 1305 1422 in
1339 1389 1487 1423 textum
1514 1391 1757 1433 receperunt.

386 1647 493 1683 Haec
541 1648 736 1684 hactenus.
795 1648 876 1684 Iam
924 1648 1015 1691 alia,
1066 1658 1161 1693 qnae
1209 1647 1255 1684 de
1302 1647 1577 1685 constituendis
1624 1647 1761 1684 Dionis

276 1711 463 1748 historiae
498 1712 673 1758 partibus
701 1711 922 1749 disserenda
950 1711 1045 1748 mihi
1072 1711 1264 1758 videntur,
1300 1712 1339 1749 in
1368 1712 1559 1758 posterius
1588 1710 1760 1749 differam

276 1780 316 1813 et
342 1786 468 1822 pauca
496 1776 542 1812 de
573 1776 800 1822 quibusdam
827 1776 922 1813 locis
950 1775 1097 1813 addam.
1287 1770 1292 1774 ”

384 1841 429 1878 In
457 1841 483 1879 1.
505 1841 553 1878 36
575 1840 650 1879 Bk.
682 1852 710 1879 c.
734 1843 758 1878 4
788 1839 1008 1879 Dindorfius
1037 1852 1061 1878 a
1088 1840 1261 1888 plurimis
1290 1841 1428 1879 ceteris
1456 1841 1665 1879 editoribus
1685 1840 1757 1879 dis-

281 1909 424 1953 crepat.
475 1905 569 1943 Cum
590 1905 690 1943 enim
710 1906 924 1951 Reimarus,
945 1905 1129 1948 Sturzius,
1150 1905 1363 1951 Bekkerus,
1385 1905 1544 1944 Grosius
1563 1906 1680 1944 verba
1698 1904 1759 1942 τόν

257 1982 315 2008 ’τε
344 1973 408 2020 τῆς
436 1969 688 2021 Κομμαγηνῆς
717 1970 862 2020 βασιλέα
885 1969 1077 2021 Ἀντίοχον
1110 1981 1194 2008 cum
1222 1974 1403 2017 sequente
1432 1969 1576 2013 ἐδέξατο
1603 1970 1759 2009 coniun-

277 2039 387 2082 gunt,
418 2034 638 2072 Dindorfius
666 2034 714 2072 R.
746 2034 983 2082 Stephanum
1013 2038 1165 2073 secutus
1194 2035 1263 2072 illa
1289 2035 1407 2072 verba
1434 2046 1481 2072 ex
1507 2035 1758 2082 praecedente

275 2099 558 2151 προςεποιήσατο
601 2099 768 2147 pendere
809 2100 900 2137 vult.
939 2100 1096 2138 Grosius
1131 2103 1170 2136 et
1198 2098 1417 2137 Dindorfius
1452 2103 1655 2146 praeterea
1687 2099 1759 2136 hoc

274 2165 357 2202 loco
386 2164 640 2211 fragmentum
669 2164 869 2212 Xiphilino
898 2163 1135 2205 Λούκουλλος
1165 2164 1204 2201 δὲ
1232 2186 1282 2191 -
1308 2162 1546 2214 προςεποίησε
1574 2164 1756 2209 inserunt,

276 2229 342 2266 ille
370 2232 458 2266 ante
487 2229 616 2273 verba,
650 2229 695 2266 de
724 2229 861 2275 quibus
890 2239 989 2266 nunc
1018 2228 1159 2276 agitur,
1191 2228 1252 2266 hic
1273 2232 1361 2266 ante
1381 2228 1533 2266 initium
1553 2227 1760 2274 fragmenti

275 2293 334 2331 καὶ
379 2293 431 2330 ὅτι
473 2292 612 2344 ἰσχυρᾷ.
669 2292 895 2331 Dindorfius
937 2293 1080 2332 rectius
1119 2293 1257 2331 Grosio
1292 2294 1418 2331 locum
1451 2293 1511 2330 illi
1544 2293 1759 2340 fragmento

274 2357 420 2406 cepisse
448 2358 541 2395 mihi
569 2358 738 2401 videtur:
768 2368 797 2396 c.
820 2359 845 2395 4
872 2358 973 2396 enim
1003 2358 1104 2407 apud
1122 2358 1237 2396 Dind.
1259 2358 1408 2406 incipit:
1441 2357 1501 2396 καὶ
1526 2357 1643 2408 οἱμὲν
1662 2356 1757 2397 ταῦτ’

275 2424 461 2472 ἔπραττον,
493 2421 727 2463 Λούκουλλος
756 2423 794 2460 δὲ
823 2422 1000 2473 Τιγράτην
1030 2424 1095 2472 μὲν
1125 2423 1192 2461 οὐκ
1220 2422 1430 2466 ἐπεδίωξενς
1461 2423 1559 2460 unde
1579 2422 1756 2469 efficitur,

274 2485 405 2534 fugam
441 2486 623 2532 Tigranis
665 2487 740 2524 iam
782 2491 896 2525 antea
937 2490 1132 2525 narratam
1169 2488 1306 2534 fuisse,
1350 2488 1389 2525 id
1423 2487 1525 2534 quod
1558 2486 1761 2535 fragmenti

272 2562 420 2598 quoque
450 2551 552 2588 illius
581 2551 717 2588 ultima
745 2552 862 2589 verba
888 2553 1153 2590 demonstrant
1182 2552 1375 2603 (φυγόντος
1394 2552 1433 2589 δὲ
1454 2551 1591 2600 αὐτοῦ).
1649 2552 1759 2599 Quod

273 2616 323 2652 ad
352 2616 474 2663 ipsum
504 2616 627 2651 locum
647 2615 798 2660 attinet,
827 2615 1030 2663 Reimarus
1050 2619 1089 2653 et
1109 2616 1172 2662 qui
1192 2626 1278 2653 eum
1297 2619 1506 2662 sequuntur
1524 2616 1628 2652 nullo
1647 2615 1757 2653 modo

273 2680 498 2723 defendunt,
543 2690 611 2717 cur
637 2679 686 2717 R.
718 2679 906 2728 Stephani
940 2681 1286 2728 interpunctionem
1320 2691 1394 2717 non
1433 2680 1755 2719 conservaverint.

272 2745 416 2782 Tamen
435 2744 587 2782 illorum
607 2744 861 2792 praeferenda
881 2744 975 2781 mihi
994 2745 1154 2782 videtur.
1204 2745 1302 2782 Nam
1322 2755 1548 2792 quamquam
1568 2745 1757 2793 particula

271 2824 309 2846 τε
355 2810 439 2848 loco
484 2810 761 2848 coniunctionis
809 2808 871 2847 καί
912 2809 1013 2857 apud
1054 2809 1218 2847 Dionem
1261 2811 1491 2848 creberrime
1542 2809 1755 2856 adhibetur,
