2039 3254
880 284 1170 325 —17-

287 411 476 462 Πομπήϊος
495 409 687 453 ἀναπείσας
702 432 750 438 -
767 410 1005 462 προαφείλετο
1026 410 1154 453 αὐτοὺς
1175 410 1226 452 ὥς
1240 433 1288 439 -
1306 410 1650 462 προςχωρήσαντας)
1679 423 1763 450 cum

286 477 364 514 illis
393 474 505 524 (λέξω
535 475 574 512 δὲ
605 474 672 526 ἤδη
700 475 745 513 τὰ
773 475 866 514 κατὰ
891 477 1018 513 τοῦτον
1050 476 1117 524 [sc.
1147 474 1353 525 Πομπήϊον]
1386 478 1463 517 πῶς
1491 475 1647 525 ἐγένετο)
1682 476 1763 514 ta'm

287 542 396 577 artus
425 550 508 577 esse
538 539 700 585 videtur,
729 543 783 577 ut·
800 550 873 577 non
902 539 1071 577 dubitem
1100 551 1165 577 eos
1192 540 1294 577 inter
1321 551 1361 577 se
1397 540 1623 587 coniungere
1657 541 1763 577 nulla

287 597 429 642 lacuna
466 604 715 651 interposita,
758 605 800 642 id
833 604 933 651 quod
960 605 1034 641 iam
1062 605 1108 641 R.
1139 603 1358 652 Stephanus
1385 604 1489 643 fecit.
1545 604 1649 650 Quae
1678 615 1763 641 eum

287 667 344 706 ita
362 678 404 707 se
423 668 597 716 habeant,
619 668 731 707 valde
750 668 879 716 miror,
909 669 1009 716 quod
1026 668 1182 707 Bekker
1201 672 1241 707 et
1260 668 1490 706 Dindorfius
1508 668 1763 716 fragmentum

287 733 347 771 καὶ
375 732 428 771 ὅτι
456 733 593 785 ἰσχυρᾷ
616 737 688 772 cte.
733 737 822 772 ante
864 733 981 772 verba
1023 732 1114 776 λέξω
1157 733 1196 771 δὲ
1230 732 1301 783 ἤδη
1337 733 1439 771 nullo
1467 734 1625 772 lacunae
1653 733 1763 781 signo

286 798 461 847 apposito
489 799 713 838 locaverunt
739 798 849 845 quasi
876 809 960 836 cum
987 798 1047 836 his
1074 798 1293 836 cohaerens.

393 862 587 909 Ceterum,
618 864 708 910 quid
737 864 784 902 de
811 864 881 901 illa
898 864 1132 902 auctoritate
1150 864 1340 911 Xiphilini
1359 863 1510 901 dicam?
1564 863 1761 911 Conferas‚

286 938 383 975 quae
410 927 564 967 Nicolai
591 927 680 976 (III,
714 926 807 976 115)
835 926 882 965 de
911 938 956 965 eo
985 927 1093 965 dicit:
1124 926 1262 973 „Doch
1288 926 1375 964 lasst
1401 927 1505 964 seine
1523 927 1765 976 Anordnung

287 992 349 1030 die
377 991 545 1039 Strenge
573 992 642 1030 der
670 992 1015 1039 chronologischen
1033 992 1202 1039 Abfolge
1231 992 1439 1030 vermissen
1457 1020 1466 1029 .
1490 1022 1498 1029 .
1521 1022 1528 1029 .
1551 1021 1559 1029 .
1580 991 1764 1030 Bezeich-

287 1056 386 1095 nend
413 1057 464 1096 ist
499 1057 579 1096 sein
606 1057 740 1105 Hang,
784 1056 857 1095 den
898 1056 1115 1095 romischen
1147 1056 1502 1104 Historiographen
1543 1067 1591 1093 zu
1633 1055 1765 1094 tadeln

287 1122 366 1159 und
392 1133 438 1158 zu
466 1122 714 1169 berichtigen,
743 1122 843 1159 wohl
871 1122 969 1159 auch
997 1121 1253 1169 gelegentlich
1282 1121 1352 1158 mit
1377 1121 1546 1159 anderen
1565 1120 1763 1159 Gewahrss

286 1190 470 1224 mannern
497 1197 543 1223 zu
576 1187 809 1233 erganzen“.
864 1186 917 1223 Et
943 1186 1168 1224 Boissevain
1206 1186 1231 1223 1.
1269 1197 1300 1223 c.
1338 1185 1449 1223 dicit:
1494 1185 1763 1233 „Xiphilinum

285 1250 415 1297 potius
433 1254 652 1288 accusatum
672 1251 844 1297 oportuit
872 1250 943 1298 (sc.
963 1261 1076 1296 quam
1094 1250 1258 1288 Dionem
1276 1250 1412 1297 ipsum,
1443 1250 1544 1296 quod
1562 1250 1763 1288 Reimarus

285 1313 380 1352 facit
407 1326 443 1362 p.
477 1313 613 1363 1541);
649 1324 736 1351 nam
771 1313 911 1361 ubique
939 1313 1108 1352 videmus
1135 1313 1391 1362 Byzantinum
1418 1314 1609 1352 hominem
1636 1314 1761 1352 levem

285 1382 324 1415 et
352 1377 501 1415 futilem
528 1378 743 1415 huiusmodi
770 1378 1078 1416 narratiunculas
1105 1377 1235 1416 sedulo
1265 1378 1561 1424 conquirentem,
1590 1389 1675 1415 cum
1700 1389 1762 1416 res

284 1441 476 1489 gravioris
503 1442 687 1480 momenti
720 1441 760 1478 in
794 1442 910 1480 breve
945 1442 1148 1479 contrahat
1183 1445 1249 1479 aut
1276 1442 1428 1479 omnino
1464 1442 1656 1480 omittat“.
1712 1442 1763 1479 Et

285 1507 375 1554 quid
404 1518 452 1545 ex
479 1508 711 1544 auctoritate
739 1507 926 1555 Xiphilini
962 1508 1048 1554 cogi
1085 1507 1234 1554 possiti>
1287 1507 1393 1544 Nihil
1429 1508 1567 1554 opinor
1600 1508 1763 1555 amplius

285 1581 397 1618 quam
438 1571 550 1615 hunc,
593 1570 658 1618 qui
699 1573 844 1618 septem
887 1571 971 1609 fere
1013 1571 1151 1609 seculis
1184 1574 1272 1618 post
1300 1571 1463 1609 Dionem
1490 1571 1600 1615 vixit,
1632 1571 1762 1609 codice

284 1636 412 1682 aliquo
440 1647 549 1673 usum
580 1647 672 1682 esse,
705 1636 767 1682 qui
795 1637 875 1675 sive
905 1647 996 1674 casu
1024 1637 1152 1683 aliquo
1181 1637 1261 1674 sive
1281 1639 1388 1674 certa
1407 1647 1454 1673 ex
1473 1636 1625 1674 ratione
1644 1636 1762 1674 alium

284 1699 456 1737 ordinem
484 1710 612 1736 rerum
640 1699 817 1746 praebuit
845 1710 890 1737 ac
916 1700 1040 1737 nostri
1069 1700 1234 1745 codices3
1270 1700 1404 1737 horum
1437 1699 1607 1737 ordinem
1635 1703 1763 1737 autem

282 1764 451 1811 peiorem
480 1775 562 1802 esse
590 1775 702 1811 quam
728 1764 921 1812 Xiphilini
949 1765 1075 1803 nescio
1113 1764 1299 1811 quomodo
1336 1764 1589 1803 demonstrari
1629 1764 1761 1812 possit.

284 1849 332 1856 —
368 1827 453 1866 Iam
498 1828 539 1865 in
581 1828 753 1866 chartam
799 1828 980 1867 coniectis
1026 1828 1086 1866 his
1128 1828 1461 1866 observationibus
1503 1828 1656 1866 libellus
1696 1828 1763 1866 ille

284 1893 535 1932 Boissevainii
575 1894 616 1931 in
662 1905 766 1932 meas
807 1904 941 1932 manus
981 1893 1168 1941 pervenit.
1230 1894 1303 1941 Qui
1344 1905 1429 1932 cum
1469 1893 1551 1941 ipse
1594 1893 1763 1932 codicem

281 1957 385 1997 Med.
415 1958 479 2003 70,
509 1959 532 1996 8
576 1962 625 1996 et.
655 1958 742 1996 Vat.
776 1960 851 1996 144
893 1970 941 1996 ex
983 1959 1050 1997 illo
1094 1959 1328 2006 descriptam
1365 1959 1486 1997 denuo
1521 1959 1761 2006 inspexisset,

281 2023 409 2069 potuit
435 2021 661 2061 confirmare
687 2034 810 2070 neque
839 2023 879 2062 in
906 2026 1070 2071 utroque
1099 2023 1231 2062 codice
1259 2023 1377 2061 ullam
1405 2024 1581 2061 lacunam
1600 2023 1762 2061 inveniri

282 2090 370 2123 ante
399 2085 490 2129 λέξω
520 2086 559 2123 δὲ
590 2089 666 2125 κτλ.
710 2090 749 2124 et
790 2087 831 2124 in
873 2087 954 2125 cod.
992 2088 1080 2125 Vat.
1118 2087 1180 2135 (et
1213 2088 1252 2124 in
1280 2087 1380 2125 Med.
1416 2087 1582 2124 nondum
1610 2087 1762 2133 mutilo)

282 2149 533 2198 fragmentum
559 2150 717 2201 φείδεται
743 2154 831 2199 post
857 2150 992 2198 fragm.
1023 2150 1083 2191 καὶ
1110 2150 1164 2190 ὅτι
1192 2150 1263 2202 ἰσχ.
1293 2151 1460 2199 positam
1489 2162 1586 2190 esse.

386 2355 550 2394 Roberti
578 2355 698 2394 codex
726 2355 927 2395 historiam
947 2356 1087 2395 Dionis
1115 2356 1283 2394 continet
1310 2366 1429 2403 usque
1457 2356 1507 2394 ad
1533 2355 1645 2394 finem
1672 2355 1761 2394 libri

282 2420 641 2467 duodesexagesimi‚
685 2421 721 2458 id
766 2424 825 2459 est
866 2421 1108 2469 sexagesimi,
1158 2432 1242 2459 cum
1283 2421 1373 2458 libri
1416 2424 1597 2467 quattuor
1636 2421 1761 2458 ultimi

280 2485 439 2523 57—60
479 2485 519 2522 in
561 2484 654 2522 duos
697 2485 746 2522 57
790 2488 829 2523 et
871 2485 921 2523 58
963 2484 1155 2522 contracti
1189 2484 1274 2522 sint.
1331 2484 1436 2522 Idem
1463 2484 1606 2521 factum
1634 2487 1693 2522 est
1720 2485 1760 2522 in

280 2549 418 2587 ceteris
446 2548 495 2586 ad
513 2549 583 2587 hos
601 2549 722 2587 libros
740 2549 1020 2597 pertinentibus
1040 2548 1248 2587 codicibus.
1295 2548 1411 2586 Hunc
1430 2559 1598 2586 errorem
1616 2548 1761 2595 primus

278 2613 477 2661 Xylander
505 2614 722 2652 emendavit
748 2614 809 2652 his
836 2613 1050 2652 rationibus
1080 2619 1214 2651 motus.
1272 2612 1445 2650 Primum
1463 2612 1579 2651 titulo
1597 2613 1689 2651 libri
1708 2613 1757 2651 57

278 2677 392 2714 index
420 2676 623 2714 adiunctus
651 2681 721 2722 est,
756 2678 864 2715 cuius
889 2677 1028 2715 ultima
1054 2677 1174 2715 verba
1210 2680 1313 2715 sunt:
1350 2676 1400 2718 ὡς
1429 2675 1590 2727 Δροῦσος
1617 2675 1758 2726 Καίσαρ

279 2741 370 2792 (sic)
400 2740 590 2780 ἀπέθανεν.
646 2740 734 2780 Hoc
761 2740 905 2780 factum
933 2746 1061 2781 autem
1096 2740 1206 2781 nobis
1241 2742 1319 2780 iam
1354 2741 1394 2780 in
1430 2741 1557 2790 capite
1586 2741 1636 2780 22
1670 2741 1760 2781 libri

1502 2807 1523 2839 2
