2039 3254
859 285 1121 325 —3—

258 410 369 448 modo
402 410 490 448 huic
523 411 608 448 loco
643 411 869 449 medicinam
903 411 1083 448 adhibere
1117 415 1259 458 posset.
1314 412 1447 458 Neque
1474 423 1564 449 vero
1592 413 1665 450 hoc
1692 414 1756 450 ei-

257 473 463 521 contigisse
492 477 595 522 puto.
650 474 755 513 Deos
796 475 895 513 enim
936 485 1094 523 superos
1135 474 1392 513 invocantium
1426 486 1507 513 mos
1541 479 1641 523 erat,
1685 479 1729 514 ut

255 549 388 576 manus
414 539 605 584 tollerent,
634 538 793 577 Caesari
821 542 947 577 autem
975 539 1015 576 in
1034 539 1130 577 solio
1150 539 1296 577 sedenti
1315 539 1592 587 supplicantem
1620 540 1728 578 illum

255 612 386 650 regem
403 600 665 641 Arvernorum
694 614 828 641 manus
856 603 992 641 tollere
1021 613 1094 641 non
1123 603 1306 650 oportuit.
1352 604 1471 641 Immo
1498 607 1609 651 putes
1626 604 1728 642 eius-

255 666 358 704 modi
396 669 543 714 gestum
582 677 739 714 prorsus
781 666 948 704 alienum
988 665 1105 704 fuisse
1140 677 1163 703 a
1189 667 1358 704 moribus
1385 666 1726 716 Vercingetorigis,

256 731 320 777 qui
347 741 394 769 ne
422 731 582 777 supplex
611 730 761 777 quidem
781 730 928 778 regium
947 731 1121 768 habitum
1140 730 1326 778 deposuit.
1374 731 1518 769 Eadem
1548 732 1593 770 de
1612 743 1726 771 causa

256 794 409 838 auxilio,
440 793 542 839 quod
569 793 678 830 nobis
696 794 883 830 Homerus
903 794 1043 831 afferre
1062 794 1213 831 videtur
1241 794 1359 844 (χεῖρε
1388 794 1577 839 πετάσσας,
1605 795 1675 834 Οᾶ.
1695 810 1725 840 ε,

257 859 345 903 374,
373 859 398 905 l,
419 859 508 905 417,
537 857 583 896 Il.
615 856 766 906 3495)
795 859 851 896 uti
878 869 952 896 non
987 858 1206 906 poterimus,
1235 859 1460 907 praesertim
1494 870 1577 898 cum
1605 870 1726 906 neque

256 921 411 962 πετάσας
437 932 559 968 neque
588 922 837 969 compositum
865 921 1079 966 ἐκπὲτάσας,
1117 922 1215 968 quod
1249 923 1317 960 alii
1351 923 1558 970 scriptores
1590 934 1727 970 prosae

256 986 441 1025 orationis
469 986 640 1024 crebrius
672 980 784 1032 quam
818 986 976 1024 verbum
1003 986 1165 1034 simplex
1197 987 1395 1034 adhibent,
1439 987 1539 1035 apud
1564 987 1726 1026 Dionem

255 1051 482 1089 inveniatur.
537 1049 699 1088 Grosius
727 1053 862 1088 auctor
896 1054 954 1087 est
980 1050 1018 1087 in
1048 1050 1178 1088 codice
1206 1050 1298 1089 Vat.
1328 1051 1405 1089 993
1434 1051 1618 1098 scriptum
1647 1062 1727 1089 esse

256 1114 389 1161 πιέσας,
419 1124 530 1161 quam
558 1113 759 1151 lectionem
786 1114 852 1151 1Πο
892 1113 995 1158 „tres
1024 1113 1096 1152 bon
1123 1125 1221 1161 pour
1247 1114 1283 1151 le
1310 1117 1417 1152 sens“
1448 1114 1551 1152 dicit.
1607 1114 1728 1160 Equi-

257 1179 343 1216 dem
371 1178 407 1216 ei
435 1178 613 1215 assentiri
639 1188 802 1225 nequeo,
847 1178 1020 1224 quamvis
1054 1179 1288 1216 recentiores
1322 1178 1489 1216 editores
1515 1179 1623 1216 illam
1650 1179 1728 1216 lec-

257 1243 399 1280 tionem
427 1242 643 1289 acceperint
675 1246 713 1280 et
739 1242 951 1291 Napoleo¹)
987 1253 1133 1289 quoque
1167 1243 1207 1280 in
1240 1242 1352 1280 rebus
1380 1242 1557 1280 Caesaris
1583 1243 1728 1281 descri-

255 1306 386 1345 bendis
421 1317 503 1344 eam
538 1310 688 1344 secutus
721 1309 866 1344 narret:
906 1306 998 1351 „der
1029 1307 1215 1354 gallische
1242 1307 1395 1345 Fiihrer
1421 1307 1483 1345 fiel
1511 1317 1580 1345 vor
1606 1306 1728 1345 Casar

257 1370 323 1408 auf
348 1371 409 1408 die
429 1371 528 1408 Knie
555 1371 632 1408 und
660 1370 774 1409 flehte
802 1371 866 1408 ihn
894 1371 1013 1409 durch
1031 1371 1290 1409 Handedruck
1314 1383 1374 1418 an,
1406 1372 1504 1409 ohne
1533 1372 1594 1409 ein
1611 1370 1729 1409 Wort

257 1435 645 1482 hervorzubringen“.
701 1434 826 1481 Quid?
874 1434 1050 1473 Caesaris
1076 1446 1209 1473 manus
1236 1435 1302 1474 ille
1330 1436 1490 1483 supplex
1518 1434 1726 1484 Vercinge-

257 1499 361 1536 torix
387 1499 599 1546 presserit?
652 1499 750 1536 Nam
778 1498 906 1540 πιέζειν
935 1503 993 1536 est
1025 1509 1215 1545 premere,
1252 1509 1328 1536 non
1356 1500 1544 1545 stringere
1573 1503 1613 1536 et
1641 1510 1727 1537 con-

257 1567 437 1610 torquere
465 1574 609 1611 manus,
641 1562 740 1610 quod
765 1561 975 1612 Sturzius2)
1004 1563 1096 1601 vult.
1143 1562 1264 1600 Immo
1292 1573 1388 1600 unus
1415 1565 1558 1610 gestus,
1588 1564 1653 1610 qui
1680 1564 1728 1602 ad

257 1627 588 1674 Vercingetorigis
617 1627 875 1665 condicionem
904 1626 1106 1664 convenire
1133 1626 1224 1663 mihi
1251 1627 1414 1673 videtur,
1449 1628 1483 1664 is
1510 1631 1580 1674 est,
1618 1637 1729 1674 quem

258 1691 403 1730 Graeci
431 1690 663 1739 γουνάζεσθαι
688 1694 841 1730 vocant.
896 1691 1117 1737 Videamus,
1160 1701 1257 1745 quae
1285 1691 1487 1729 verborum
1515 1692 1729 1730 emendatio

259 1755 443 1794 eiusmodi
472 1755 685 1793 condicioni
712 1754 949 1802 respondeat.
1006 1754 1166 1792 Accedit
1198 1764 1261 1792 res
1294 1765 1370 1791 non
1398 1755 1508 1802 parvi
1536 1755 1730 1795 momenti.

258 1820 333 1857 Dio
360 1820 433 1857 hoc
459 1820 544 1856 loco
564 1822 602 1857 et
629 1819 668 1856 in
696 1819 722 1856 1.
744 1820 795 1857 58
824 1829 856 1857 0.
881 1820 926 1856 18
956 1818 1077 1856 forma
1096 1818 1216 1856 ἐδέετο
1235 1830 1306 1866 pro
1326 1818 1440 1856 ἐδεῖτο
1468 1819 1601 1865 utitur,
1631 1820 1731 1867 quod

258 1884 334 1921 iam
362 1883 563 1922 Dindorfio
592 1886 671 1921 tam
698 1894 773 1920 non
799 1883 954 1931 placuit,
998 1886 1042 1920 ut
1075 1882 1170 1920 illud
1202 1882 1425 1921 vocabulum
1458 1887 1621 1930 utroque
1647 1884 1731 1922 loco

260 1950 299 1985 in
329 1947 443 1984 ἐδεῖτο
462 1951 640 1985 mutaret.
688 1947 813 1994 Magis
841 1948 957 1985 etiam
984 1948 1051 1984 illo
1079 1947 1260 1985 inusitato
1282 1948 1464 1985 vocabulo
1484 1948 1621 1985 mirum
1639 1948 1732 1986 mihi

259 2012 422 2058 videtur,
465 2011 564 2058 quod
604 2011 760 2049 verbum
802 2010 929 2061 δέομαι
968 2011 1039 2049 1100
1080 2011 1164 2049 1000
1192 2011 1363 2049 absolute
1391 2011 1604 2058 adhibetur,
1649 2022 1732 2049 cum

259 2077 386 2114 nullus
414 2076 512 2114 alius
540 2077 645 2114 locus
679 2076 862 2113 eiusmodi
895 2086 1003 2113 usum
1030 2076 1229 2124 approbet.
1285 2075 1459 2122 Namque
1488 2075 1613 2124 δέομαι
1640 2086 1732 2114 nus·
1779 2098 1783 2103 -

262 2152 373 2188 quam
408 2140 595 2188 significat
622 2141 830 2188 supplicem
858 2151 952 2186 esse,
995 2141 1063 2178 sed
1096 2143 1229 2188 petere
1263 2140 1407 2187 aliquid
1436 2141 1483 2177 ab
1512 2140 1649 2186 aliquo,
1693 2144 1734 2178 et

261 2206 374 2252 plane
404 2205 541 2243 desunt
568 2205 642 2242 hoc
669 2204 753 2243 loco
783 2215 831 2242 ea
857 2204 985 2252 verba,
1023 2215 1119 2251 quae
1148 2204 1288 2247 dicant,
1317 2204 1406 2250 quid
1434 2204 1616 2251 petiverit
1643 2208 1684 2241 et
1710 2214 1734 2241 a

260 2281 345 2315 qu0.
393 2268 488 2307 Cum
507 2272 634 2307 autem
653 2273 767 2307 antea
785 2269 1083 2315 Vercingetorix
1101 2272 1280 2307 narretur
1299 2268 1447 2306 omnino
1467 2268 1561 2305 nihil
1580 2268 1732 2314 dixisse,

261 2332 361 2370 idem
389 2333 547 2381 petiisse
574 2333 642 2379 ita,
684 2336 727 2370 ut
755 2333 912 2371 verbum
941 2331 1061 2370 ἐδέετο
1090 2332 1294 2379 significat,
1336 2331 1465 2379 put-ari
1493 2342 1567 2368 non
1595 2335 1733 2379 potest,

261 2397 328 2435 sed
361 2397 510 2435 nonnisi
551 2397 671 2435 tacito
714 2401 826 2445 gestu
866 2408 955 2436 usus
983 2397 1235 2444 Caesarisque
1262 2407 1387 2444 genua
1414 2396 1610 2443 amplexus
1638 2407 1733 2435 esse.

360 2547 388 2588 ¹)
415 2544 656 2588 „Gesehichte
674 2544 795 2580 Julius
818 2543 963 2580 Casars.
988 2544 1233 2580 Autorisierte
1254 2542 1429 2578 deutsche
1448 2533 1736 2587 ubersetzung&

264 2603 369 2638 Wien
397 2605 497 2639 1865.
547 2603 593 2647 ΙΙ,
620 2613 702 2649 pag.
730 2604 810 2639 303.
836 2623 880 2628 -
907 2602 950 2638 cf.
976 2601 1157 2638 Addenda
1181 2601 1227 2636 II.

359 2662 387 2705 ²)
417 2661 566 2705 „Dionis
595 2661 714 2697 Cassii
740 2661 932 2697 Cocceiani
956 2660 1192 2696 historiarum
1215 2659 1464 2695 Romanarum
1493 2670 1586 2706 quae
1612 2670 1737 2705 super-

264 2721 370 2754 sunt“
398 2719 454 2755 ed.
480 2719 688 2755 Fridericus
714 2719 929 2755 Guilielmus
956 2718 1133 2755 Sturzius.
1179 2718 1326 2763 Lipsiae
1356 2719 1597 2753 1824-1843.

1479 2777 1522 2810 11(-
