2039 3254
920 338 1182 380 ,8.-

310 465 464 503 omittit.
503 485 549 491 -
581 466 719 503 Omnes
749 465 818 503 hos
847 477 1015 511 errores,
1059 477 1151 512 quos
1179 466 1308 504 multis
1337 466 1426 504 aliis
1453 476 1595 513 augere
1624 475 1788 513 possum,

308 529 425 566 alicui
453 529 573 567 codici
602 530 739 567 mirum
768 530 808 568 in
836 531 987 569 modum
1012 531 1191 569 mendoso
1211 530 1434 568 tribuendos
1454 542 1537 569 esse
1556 531 1650 568 mihi
1668 531 1788 568 multo

308 593 430 630 minus
471 592 682 631 verisimile
719 594 889 642 videtur,
933 605 1045 641 quam
1080 594 1145 632 illo
1181 597 1371 642 tempore,
1416 604 1489 640 quo
1519 597 1599 631 tum
1627 594 1788 641 primum

307 656 499 693 versiones
529 661 702 695 veterum
731 661 928 695 auctorum
956 668 1098 703 eaeque
1126 658 1312 704 plurimae
1341 657 1380 694 in
1408 657 1532 695 lucem
1551 657 1786 703 prodierunt,

307 719 346 756 in
374 719 558 758 vertendo
587 720 825 769 diligentiam
854 721 1037 759 minorem
1066 731 1148 759 esse
1177 720 1417 768 collocatam,
1447 719 1549 767 quod
1567 720 1788 759 criticorum

307 795 371 821 ars
399 785 523 821 minus
550 785 803 823 metuebatur.

412 847 525 896 Quod
552 848 585 885 si
613 858 711 887 nunc
739 849 964 895 quaerimus,
995 848 1168 896 quisnam
1197 848 1316 887 codex
1335 848 1541 887 Leoniceni
1560 847 1688 893 fuerit,
1717 847 1787 885 im-

308 911 442 958 primis
476 912 585 949 nobis
618 913 657 949 in
685 916 848 950 mentem
876 914 983 951 venit
1009 914 1162 951 illorum
1190 914 1349 951 duorum
1376 912 1612 950 Venetorum
1644 911 1719 950 395
1750 915 1791 949 et

308 975 398 1020 396,
428 986 512 1013 cum
526 975 703 1014 Venetiis
723 976 931 1015 Leoniceni
958 977 1081 1015 versio
1111 977 1217 1015 edita
1245 977 1307 1015 sit.
1350 975 1569 1019 Videamus,
1600 976 1719 1013 hosne
1740 974 1790 1013 ad

309 1039 458 1077 codices
499 1040 567 1077 illa
607 1041 733 1078 versio
762 1041 900 1079 referri
933 1041 1064 1088 possit.
1121 1041 1167 1078 lu
1201 1042 1224 1078 1.
1256 1042 1318 1083 52,
1349 1041 1400 1077 20
1434 1043 1491 1077 est
1524 1041 1663 1077 lacuna
1689 1038 1790 1085 apud

308 1102 583 1141 Leonicenum:
619 1115 712 1152 „per
739 1105 777 1141 la
805 1104 952 1142 altezza
979 1105 1041 1142 del
1069 1116 1179 1142 nome
1199 1115 1265 1142 suo
1287 1104 1306 1125 *
1328 1115 1349 1141 e
1370 1103 1591 1142 dimorando
1610 1113 1660 1140 un
1681 1105 1787 1140 certo

309 1170 435 1213 tempo
471 1168 507 1204 in
545 1169 625 1205 vita
658 1168 810 1215 privata
839 1171 936 1206 etc.“
1011 1169 1119 1205 Haec
1146 1169 1283 1206 lacuna
1310 1168 1348 1204 in
1377 1168 1432 1204 eis
1459 1166 1691 1203 numeranda
1719 1168 1788 1211 est,

310 1241 403 1275 quas
446 1230 643 1269 deficiente
671 1232 822 1271 Veneto
852 1233 929 1270 395
964 1232 1114 1270 codices
1143 1232 1355 1269 deteriores
1383 1232 1547 1268 maxime
1576 1241 1622 1268 ex
1652 1230 1788 1276 Xiphi-

309 1294 388 1330 lino
418 1295 573 1341 explent
602 1294 684 1343 (efi,
714 1306 810 1341 quae
838 1294 938 1332 infra
968 1295 1013 1333 de
1042 1296 1114 1333 hac
1142 1306 1183 1332 re
1212 1294 1365 1343 dicam).
1408 1295 1494 1331 Non
1508 1296 1611 1332 recte
1632 1293 1789 1331 Grosius

310 1357 418 1403 dicit,
462 1358 636 1395 lacunam
668 1359 772 1396 illius
809 1359 950 1396 codicis
983 1360 1170 1397 vocabulo
1206 1358 1354 1408 νομίσῃς
1383 1357 1530 1395 finitam
1559 1369 1659 1401 esse,
1704 1368 1786 1394 cum

310 1419 428 1457 codex
464 1431 487 1457 a
520 1421 648 1459 verbis
683 1421 953 1472 (φρονή-)ματι
981 1421 1166 1471 γενόμενοι
1194 1421 1344 1459 (1011111111
1372 1431 1503 1458 rursus
1530 1420 1692 1468 incipiat
1720 1419 1786 1469 (cf.

308 1484 534 1522 Boissevain
562 1496 645 1532 pag.
664 1486 774 1535 330).
818 1486 977 1533 Signum
1004 1487 1165 1524 lacunae
1194 1488 1319 1524 autem
1349 1485 1544 1523 invenitur
1572 1484 1637 1534 (cf.
1657 1484 1789 1523 Grosii

308 1552 437 1586 notam
472 1549 521 1586 ad
549 1549 648 1588 hunc
676 1550 816 1599 locum)
848 1551 964 1589 etiam
993 1552 1032 1589 111
1061 1551 1192 1589 codice
1221 1550 1397 1589 Parisino
1425 1549 1475 1588 R.
1504 1549 1711 1597 Stephani,
1749 1549 1789 1586 in

309 1612 394 1651 Vat.
417 1613 506 1659 993,
535 1613 575 1651 in
594 1614 709 1652 Taur.
735 1615 795 1661 76,
825 1615 864 1652 in
889 1615 992 1654 Med.
1014 1616 1076 1662 70,
1100 1616 1159 1654 10.
1209 1615 1424 1654 Verisimile
1453 1618 1575 1663 putes,
1605 1613 1789 1652 librarios

308 1677 441 1713 horum
470 1677 642 1715 codicum
670 1678 777 1725 signo
806 1679 966 1716 lacunae
994 1683 1129 1716 notare
1158 1679 1322 1717 voluisse
1349 1679 1516 1716 1113111111
1534 1678 1633 1717 Ven.
1655 1678 1788 1715 inven-

309 1745 405 1788 tam,
436 1752 549 1787 quam
578 1741 651 1789 ipsi
680 1743 940 1791 expleverunt,
970 1743 1155 1781 lacunam.
1213 1743 1421 1781 Leoniceni
1449 1743 1571 1781 versio
1603 1741 1739 1790 incipit
1767 1752 1791 1779 a

308 1804 408 1840 libro
438 1806 501 1849 37,
530 1805 633 1842 Med.
666 1806 727 1850 70,
762 1808 808 1844 10
851 1811 978 1844 autem
1013 1818 1037 1844 a
1070 1807 1169 1844 libro
1204 1808 1255 1844 42
1286 1807 1449 1853 demum;
1495 1806 1541 1844 de
1570 1806 1643 1843 hoc
1670 1806 1792 1853 igitur

307 1877 382 1904 non
411 1867 574 1915 amplius
604 1868 849 1915 cogitandum
878 1872 946 1909 est.
988 1868 1046 1908 At
1076 1870 1157 1909 cod.
1178 1869 1293 1908 Taur.
1317 1870 1365 1908 76
1386 1870 1425 1907 in
1443 1870 1554 1908 initio
1574 1880 1650 1907 non
1668 1869 1791 1907 minus

309 1941 421 1976 quam
450 1932 490 1968 in
518 1931 592 1969 fine
622 1943 706 1969 cum
733 1934 950 1971 Leoniceno
980 1935 1182 1972 consentit.
1225 1933 1301 1971 Sed
1329 1934 1392 1971 hic
1420 1945 1567 1980 quoque
1598 1944 1620 1971 a
1648 1934 1790 1971 Leoni-

311 2005 404 2032 ceno
434 1995 581 2034 alienus
611 2000 680 2035 est.
724 1997 826 2036 Nam
854 1998 894 2035 in
922 1998 947 2036 1.
967 1999 1027 2045 37,
1058 1998 1108 2035 49
1138 1998 1177 2035 111
1204 1998 1322 2036 Taur.
1353 1998 1488 2036 desunt
1516 1999 1632 2036 verba
1660 1997 1720 2037 καὶ
1744 1997 1791 2036 τὰ

307 2059 540 2107 πεπραγμένα
584 2059 682 2109 αὐτῷ
716 2060 815 2098 παντ’
853 2061 1131 2111 ἐπικυρωθῆναι.
1188 2062 1428 2100 Leonicenus
1463 2066 1603 2101 autem:
1652 2073 1696 2107 „e
1724 2063 1792 2100 che

309 2125 408 2160 tutte
436 2123 473 2161 le
503 2134 589 2163 cose
617 2124 717 2164 fatte
746 2125 795 2163 da
822 2125 878 2163 lui
907 2125 1061 2166 fusseno
1091 2124 1314 2165 confirmato
1344 2126 1408 2165 dal
1429 2130 1598 2165 senato“.
1644 2126 1792 2166 Deinde

309 2187 347 2222 in
376 2188 400 2222 l.
434 2189 500 2229 37,
532 2190 581 2226 56
624 2189 664 2225 in
694 2190 808 2226 Taur.
847 2190 983 2226 desunt
1010 2190 1143 2227 verba:
1175 2190 1234 2228 καὶ
1262 2190 1349 2240 ὑπὲρ
1379 2190 1608 2240 ἀμφοτέρους
1635 2190 1793 2240 τιμηθή-

308 2249 443 2288 σεσθαι.
488 2251 724 2291 Leonicenus
744 2256 872 2291 autem
893 2264 938 2292 ea
955 2253 1100 2292 reddit:
1134 2266 1178 2299 „e
1199 2254 1268 2292 che
1289 2254 1449 2293 sarebbe
1469 2255 1657 2293 honorato
1678 2264 1792 2302 sopra

308 2315 403 2351 tutti
432 2315 535 2353 dui“.
579 2316 725 2353 Eadem
754 2318 872 2355 verba
901 2318 1039 2356 desunt
1066 2319 1105 2355 in
1135 2318 1215 2356 cod.
1245 2318 1338 2356 Vat.
1371 2319 1459 2356 993.
1504 2319 1582 2356 Hic
1610 2319 1730 2356 codex
1754 2319 1793 2355 111

308 2377 333 2415 1.
364 2379 428 2425 40,
459 2379 481 2415 3
525 2368 594 2426 pro
624 2379 684 2418 καὶ
720 2380 926 2419 κατέδεισαν
960 2382 1078 2419 habet
1112 2381 1327 2428 κατέδυσαν,
1370 2382 1610 2421 Leonicenus
1646 2385 1791 2421 autem:

312 2442 486 2486 „allhora
514 2444 528 2480 i
562 2444 718 2482 barbari
752 2449 968 2490 temerno“;
997 2447 1089 2483 item
1116 2447 1154 2483 in
1184 2447 1352 2484 eiusdem
1379 2446 1470 2484 libri
1499 2458 1529 2484 c.
1565 2448 1614 2484 14
1643 2446 1702 2485 καὶ
1729 2446 1793 2495 τὴν

310 2503 593 2556 Μεσοποταμίαν
622 2507 819 2558 σατραπίαν
849 2508 1025 2559 κατέσχον
1045 2520 1115 2556 pro
1136 2509 1374 2559 σατραπείαις,
1404 2509 1469 2547 ubi
1488 2510 1623 2547 Leon.:
1660 2520 1794 2554 „occu-

306 2580 451 2617 porono
480 2572 518 2609 la
537 2572 818 2620 Mesopotamia
848 2584 918 2611 con
934 2573 1121 2621 satrapi“.
1168 2574 1212 2610 In
1232 2584 1262 2611 0.
1286 2574 1335 2612 28
1356 2574 1441 2612 Vat.
1463 2574 1578 2611 habet
1606 2572 1662 2623 ἀφ’
1684 2572 1794 2623 οὗπερ

307 2634 477 2685 Κράσσος
518 2647 587 2683 pro
624 2635 799 2685 Κάσσιος,
845 2638 964 2676 Leon.
1001 2641 1129 2676 autem
1161 2637 1354 2681 „Cassio“.
1412 2637 1556 2685 Nempe
1591 2637 1653 2675 hic
1688 2647 1796 2677 error

310 2699 479 2738 codicum
521 2702 790 2740 nonnullorum
832 2703 946 2741 facile
975 2701 1170 2741 emendari
1198 2705 1368 2750 poterat,
1416 2702 1455 2739 111
1484 2713 1519 2740 0.
1549 2703 1598 2741 29
1627 2701 1728 2740 0111111
1755 2702 1796 2740 111

305 2764 396 2803 Vat.
433 2766 526 2802 item
556 2764 725 2817 Κράσσος
761 2769 964 2816 scriptum,
1008 2767 1075 2805 sed
1102 2767 1142 2804 in
1171 2767 1344 2813 margine
1374 2765 1532 2808 Κάσσιος
1560 2767 1795 2814 adscriptum
