2039 3254
856 297 1145 337 —15-

265 426 382 463 siensi
413 425 513 462 1689
544 423 747 465 emanavit,
792 433 902 468 quem
944 423 1025 469 ipse
1060 421 1275 469 Stephanus
1310 420 1418 459 valde
1452 420 1671 458 mendosum
1699 422 1740 458 et

266 491 484 528 accuratam
530 486 829 534 diligentemque
881 485 1172 533 castigationem
1229 484 1507 522 desiderantem
1558 482 1738 531 appellat.

266 554 398 591 Prima
426 553 553 600 capita
580 552 691 589 huius
719 551 895 589 editionis
923 551 1116 589 continent
1143 549 1395 596 fragmentum
1429 547 1488 586 καὶ
1521 546 1582 585 ὅτε
1611 546 1740 598 ἰσχυρᾷ

265 616 313 666 τῇ
340 613 433 666 τύχῃ
463 613 514 652 ἐπ’
544 613 731 665 ἀμφότερα
760 613 937 665 ἐκέχρητο
954 635 1004 641 -
1024 612 1159 662 ὁμοίως
1186 611 1305 660 ὀλίγου
1335 610 1524 661 διεφθάρη,
1553 610 1688 657 quibus
1715 620 1739 647 a

268 679 395 717 verbis
428 680 544 717 etiam
573 680 661 716 Vat.
696 680 771 716 144
799 682 839 716 et
867 680 956 720 993,
992 677 1091 716 Ven.
1122 678 1212 722 396,
1241 677 1328 714 Ρ31·.
1361 677 1475 721 1690,
1510 675 1740 713 Vesontinus

269 742 468 780 exordium
510 745 673 778 sumunt.
730 742 774 778 In
815 741 929 779 titulo
971 741 1083 779 huius
1124 739 1329 787 fragmenti
1362 742 1450 777 sunt
1477 738 1579 785 apud
1606 737 1739 785 Steph.

266 805 361 842 haec
388 805 549 851 scripta:
580 803 704 841 Ταῦτα
732 803 769 840 ἐν
797 805 849 853 τῷ
876 804 1044 854 ἡμετέρῳ
1074 804 1274 853 ἀντιγράφῳ
1311 805 1374 840 τοῦ
1408 800 1461 846 λς’
1489 801 1621 851 βιβλίου
1650 815 1740 851 προ-

266 866 414 913 τίθεται,
443 866 721 916 ἀποσπασμάτια
739 881 827 914 τινα,
848 867 898 908 ὥς
917 866 1026 917 οἶμαι,
1046 866 1131 904 ὄντα
1148 868 1211 904 τοῦ
1232 867 1271 905 λέ
1290 866 1433 916 βιβλίου.
1478 865 1568 905 Non
1586 864 1740 903 dubium

268 932 388 978 igitur
429 935 496 974 est,
539 932 630 977 quin
664 932 703 967 in
732 931 862 969 codice
887 930 1052 969 Roberti
1078 932 1151 968 hoc
1177 930 1431 977 fragmentum
1457 929 1557 967 libro
1586 930 1634 966 35
1662 928 1740 965 tri-

266 995 399 1032 butum
427 994 489 1033 sit,
545 995 763 1041 Sequuntur
788 994 886 1032 hanc
913 993 1143 1032 sententiam
1168 993 1377 1041 Xylander‚
1406 993 1455 1031 H.
1475 990 1739 1040 Stephanw),

269 1059 536 1098 Leunclavius.
591 1058 793 1097 Reimarus
820 1069 911 1096 vero
941 1062 981 1096 et
999 1058 1171 1096 Sturzius
1196 1057 1339 1102 dicunt,
1367 1056 1619 1104 fragmentum
1646 1055 1742 1096 illud

272 1127 375 1161 recte
403 1135 427 1161 a
453 1124 538 1162 viro
567 1123 730 1170 quodam
760 1123 872 1161 docto
899 1122 938 1161 N
967 1122 1065 1160 libro
1095 1123 1145 1160 36
1165 1122 1301 1160 addici.
1348 1121 1457 1168 Quod
1474 1120 1575 1158 idem
1595 1119 1743 1159 faciunt

270 1187 440 1232 Grosius‚
482 1187 650 1232 Bekker,
692 1185 926 1232 Dindorfius,
962 1187 1223 1234 discrepantes
1258 1197 1281 1223 a
1314 1185 1505 1233 prioribus
1533 1184 1743 1222 editoribus

270 1251 310 1288 in
338 1261 395 1296 eo,
426 1251 525 1298 quod
552 1250 808 1299 fragmentum
828 1251 1017 1297 quoddam
1036 1250 1195 1288 duorum
1214 1250 1383 1297 capitum
1410 1248 1744 1298 (φείδεται-προς-

269 1315 524 1365 χωρήσαντας)
552 1325 629 1352 11011
657 1319 700 1352 ut
727 1315 875 1362 priores
903 1317 989 1362 post
1015 1314 1271 1361 fragmentum
1299 1313 1359 1351 καὶ
1386 1312 1439 1350 ὅτι
1466 1312 1595 1363 ἰσχυρᾷ
1620 1322 1741 1358 neque

272 1378 320 1415 ab
347 1378 457 1415 initio
486 1379 576 1415 libri
605 1379 667 1423 36,
697 1378 765 1416 sed
799 1381 888 1416 ante
926 1379 998 1415 hoc
1031 1378 1283 1425 fragmentum
1324 1380 1470 1424 ponunt
1510 1376 1742 1414 auctoritate

272 1440 462 1487 Xiphilini
488 1441 594 1485 moti,
624 1451 736 1487 quem
766 1441 936 1479 ordinem
962 1441 1100 1479 Dionis
1127 1441 1409 1479 accuratissime
1437 1440 1478 1478 in
1505 1438 1741 1487 excerpendo

272 1507 441 1541 secutum
470 1515 552 1541 esse
581 1504 723 1542 dicunt.
779 1505 997 1549 Videamus,
1026 1507 1131 1542 utras
1158 1507 1288 1551 partes
1315 1514 1528 1550 sequamur.

380 1567 565 1606 Rationes
593 1567 641 1605 ad
669 1578 786 1615 suam,
816 1578 929 1614 quam
955 1568 1065 1606 modo
1095 1568 1398 1613 commemoravi,
1442 1567 1488 1605 de
1528 1565 1741 1614 fragmento

273 1630 331 1668 καὶ
360 1630 413 1668 ὅτι
441 1635 512 1669 etc.
556 1632 782 1670 sententiam
822 1632 1019 1679 Xylander
1058 1633 1127 1670 has
1167 1632 1295 1670 affert:
1339 1632 1462 1679 „Cum
1502 1631 1602 1669 enim
1641 1639 1740 1677 quae

270 1694 370 1733 libro
401 1697 449 1735 36
491 1695 569 1734 Dio
611 1696 746 1734 scribit
786 1698 874 1735 acta
913 1696 989 1735 sint
1031 1695 1246 1735 consulibus
1287 1695 1329 1735 C.
1365 1694 1571 1743 Calpurnio
1604 1694 1742 1733 Pisone

270 1759 336 1795 M?
367 1757 497 1797 Acilio
526 1759 751 1803 Glabrione,
795 1761 859 1806 qui
893 1772 1013 1799 annus
1040 1762 1184 1799 Romae
1217 1761 1292 1798 fuit
1326 1762 1413 1807 687,
1449 1761 1489 1797 in
1516 1761 1588 1797 hoc
1615 1764 1743 1798 autem

273 1821 485 1869 fragmento
515 1826 555 1860 et
583 1823 791 1862 eorundem
818 1834 908 1871 pars
936 1827 1158 1871 exponatur,
1194 1827 1234 1861 et
1266 1823 1372 1871 prius
1400 1834 1497 1870 quae
1524 1824 1567 1870 Q.
1596 1823 1743 1862 Marcio

268 1886 422 1923 consule
449 1889 561 1933 gesta
588 1890 695 1934 sunt,
734 1888 796 1934 qui
832 1898 924 1926 sane
958 1898 1056 1926 anno
1085 1888 1255 1935 proxime
1283 1888 1403 1935 priori
1429 1888 1454 1926 i.
1482 1899 1516 1925 e.
1545 1888 1593 1925 ab
1620 1887 1668 1925 U.
1698 1886 1743 1925 G.

272 1949 347 1986 686
378 1950 613 1987 consulatum
640 1951 777 1998 gessit,
804 1950 916 1989 -satis
958 1951 1037 1990 iam
1079 1962 1125 1989 ex
1158 1952 1242 1999 ipsa
1275 1952 1374 1989 serie
1401 1952 1584 1999 temporis
1609 1952 1743 1998 liquet,

268 2022 342 2059 quo
384 2013 431 2052 de
473 2013 571 2052 libro
618 2014 878 2062 fragmentum
921 2018 1115 2063 superstes
1156 2016 1376 2054 manserit“.
1431 2015 1506 2053 His
1532 2015 1745 2054 rationibus

269 2077 390 2123 ipsam
419 2079 653 2117 contrariam
691 2080 919 2118 sententiam
954 2080 1110 2127 probari
1140 2080 1216 2118 iam
1242 2079 1445 2118 Reimarus
1485 2084 1591 2119 recte
1632 2080 1744 2128 dicit3

269 2151 357 2178 nam
398 2141 481 2189 ipsa
522 2143 806 2182 continuatione
850 2146 1065 2190 temporum
1099 2144 1194 2181 illud
1234 2143 1488 2191 fragmentum
1522 2144 1646 2191 magis
1679 2146 1741 2183 36.

269 2215 382 2249 quam
413 2207 474 2243 35.
509 2207 608 2244 libro
647 2208 841 2245 tribuitur.
898 2206 1081 2245 Ceterum
1117 2208 1354 2254 Xylandrum
1395 2211 1487 2254 puto
1527 2209 1647 2256 magis
1687 2209 1746 2248 illi

271 2268 487 2307 sententiae
515 2270 670 2309 obstare
696 2270 872 2318 voluisse,
907 2281 955 2309 ex
982 2281 1057 2318 qua
1084 2271 1342 2319 fragmentum
1368 2272 1464 2310 illud
1492 2272 1609 2310 etiam
1626 2272 1747 2320 priori

269 2342 382 2378 quam
424 2333 487 2372 35.
525 2334 623 2371 libro
659 2335 845 2382 quispiam
885 2335 1144 2383 adscripserit.
1200 2336 1403 2374 Reimarus
1447 2339 1590 2384 autem,
1633 2348 1744 2384 quem

269 2395 444 2433 Sturzius
485 2398 675 2444 sequitur,
718 2398 814 2436 illud
855 2398 1112 2446 fragmentum
1154 2399 1194 2436 in
1226 2400 1251 2436 1.
1288 2400 1338 2437 36
1379 2400 1567 2438 collocare
1600 2401 1745 2438 mavult

273 2460 389 2507 „quia
417 2460 517 2499 alias
544 2462 611 2500 ille
640 2463 738 2501 liber
765 2463 859 2512 (36)
888 2463 952 2501 vix
982 2464 1085 2502 ultra
1103 2464 1212 2502 unius
1230 2464 1319 2502 anni
1337 2474 1398 2502 res
1416 2467 1541 2511 gestas
1560 2465 1743 2512 complec-

270 2526 417 2561 teretur
458 2529 498 2562 et
538 2529 744 2573 praeterea
785 2526 973 2574 inciperet
1014 2528 1062 2564 ab
1105 2530 1272 2565 extremo
1315 2530 1485 2575 tempore
1526 2528 1745 2567 consulatus

364 2661 392 2705 ¹)
420 2661 572 2702 „Dionis
592 2662 711 2699 Cassii
728 2663 973 2701 Romanarum
998 2665 1234 2701 historiarum
1258 2665 1343 2702 libri
1366 2666 1462 2702 XXV
1488 2677 1534 2702 ex
1556 2666 1744 2703 Guilielmi

264 2718 449 2763 Xylandri
460 2719 778 2766 interpretatione.
798 2723 1015 2767 Excudebat
1023 2724 1203 2760 Henricus
1218 2724 1426 2770 Stephanus
1435 2736 1530 2761 anno
1537 2725 1744 2762 MDXCII.“
