2039 3254
864 280 1126 318 -9-

263 409 337 452 est,
382 408 422 442 et
462 405 535 442 hoc
569 415 714 451 quoque
749 404 834 442 loco
863 404 982 442 Leon.
1014 404 1194 449 „Cassio“
1234 404 1360 441 vertit.
1409 404 1455 440 In
1483 414 1516 443 c.
1546 404 1596 440 30
1624 403 1732 441 Vat:

263 468 423 507 ἀνέπεισε
461 469 501 506 δι’
540 467 670 515 ἄλλων,
713 469 851 506 Leon:
893 479 963 515 per
1003 479 1130 505 mezzo
1173 467 1213 505 di
1252 467 1365 505 messi
1408 466 1594 515 (ἀγγέλων,
1635 467 1734 514 quod

263 533 329 570 alii
358 532 505 570 codices
532 532 705 581 habent).
762 533 805 570 In
835 543 865 570 c.
898 532 947 569 32
976 532 1082 570 Vat.:
1113 530 1154 568 οὐ
1183 530 1304 579 μέντοι
1331 530 1391 569 καὶ
1418 529 1636 581 ἀπεχώρησε
1665 541 1734 578 pro

264 594 463 647 ἀπέχρησε,
507 597 644 635 Leon:
692 607 787 641 „non
830 596 862 634 si
903 606 1075 634 messono
1117 607 1140 633 a
1178 597 1355 633 rubare“.
1410 596 1455 632 In
1483 606 1513 632 c.
1546 596 1596 632 34
1623 594 1733 632 Vat.:

265 660 405 708 πνεῦμα
439 670 507 707 pro
543 660 682 708 πνεῦμα
711 659 813 708 μέγα,
842 659 980 698 Leon:
1027 670 1121 705 „uno
1149 661 1264 697 vento
1293 659 1506 698 terribile“.
1551 658 1596 695 In
1624 669 1654 696 c.
1684 659 1736 695 47

265 723 370 762 Vat.:
401 724 509 765 κύνας
527 735 597 771 pro
618 722 713 773 βόας,
743 723 885 762 Leon:
919 736 1014 769 „uno
1034 725 1177 763 uccello
1197 724 1391 762 sinistr0“.
1435 723 1482 760 In
1502 734 1534 761 c.
1554 723 1605 760 48
1626 721 1735 761 Van:

265 786 433 824 ὑπατείαν
470 790 509 824 et
535 786 575 823 in
602 786 773 833 margine
801 786 988 824 ὑπατεύων
1017 799 1086 836 pro
1116 787 1284 825 ὑπατείαν
1313 786 1438 830 αἰτῶν,
1473 786 1607 824 Leon.:
1656 786 1738 832 „di-

265 851 452 889 mandavo
482 851 511 888 il
539 851 773 889 consulato“.
818 851 864 889 In
889 863 920 891 c.
940 852 991 890 49
1011 853 1098 890 Vat.
1129 853 1273 890 omittit
1300 852 1360 890 καὶ
1388 851 1444 889 ἐπὶ
1471 852 1512 889 τὸ
1540 853 1637 901 βῆμα
1658 850 1737 888 ἐπέ-

266 913 395 960 θεσαν,
437 914 554 952 Leon.
593 918 721 952 autem
755 916 890 953 vertit:
939 916 997 960 „lo
1026 926 1167 963 posono
1196 927 1309 964 sopra
1337 916 1376 954 di
1403 927 1476 954 uno
1503 915 1734 954 tribunale“.

266 978 312 1016 In
343 990 374 1016 c.
405 980 454 1017 50
484 979 570 1017 Vat.
601 979 745 1016 omittit
772 979 913 1020 καινοὺς
940 983 1028 1027 post
1055 980 1292 1028 καταλόγους,
1320 980 1439 1019 Leon.
1469 984 1595 1033 autem
1623 980 1739 1017 habet

271 1044 364 1088 „che
391 1042 539 1081 facesse
568 1054 692 1081 nuova
719 1043 889 1082 raccolta
907 1043 946 1081 di
964 1044 1141 1083 soldati“.
1189 1044 1298 1083 Haec
1312 1044 1486 1091 exempla
1503 1044 1598 1081 satis
1615 1044 1738 1081 habeo

268 1108 416 1153 afferre,
446 1110 490 1145 ut
518 1108 783 1152 demonstrem,
812 1108 1067 1146 Leonicenum
1094 1108 1161 1145 illo
1182 1108 1311 1146 codice
1331 1108 1517 1145 Vaticano
1536 1118 1645 1145 usum
1664 1118 1740 1144 non

268 1183 360 1211 esse.
420 1172 561 1211 Restat
602 1183 690 1220 ergo
732 1172 857 1210 nullus
897 1173 970 1211 nisi
997 1172 1183 1220 Stephani
1216 1172 1353 1218 codex,
1394 1172 1620 1219 praesertim
1656 1181 1739 1209 cum

269 1238 388 1275 ceteri
429 1238 572 1284 primos
612 1237 731 1274 libros
766 1248 789 1274 a
816 1237 1030 1275 Leoniceno
1064 1248 1194 1275 versos
1228 1248 1303 1274 non
1338 1237 1556 1275 contineant
1588 1238 1742 1282 praeter

268 1301 438 1340 codicem
468 1300 654 1339 Venetum
682 1301 758 1339 396
786 1301 966 1348 aliosque,
996 1301 1042 1339 de
1070 1301 1204 1348 quibus
1230 1301 1333 1339 infra
1361 1302 1492 1339 dicam.

376 1364 483 1410 Quod
515 1364 564 1401 ad
598 1364 764 1401 codicem
793 1364 977 1410 Stephani
1010 1364 1166 1409 attinet,
1201 1364 1383 1401 admoneo
1411 1364 1572 1411 primum
1602 1364 1649 1401 de
1676 1363 1743 1400 illo

270 1429 371 1475 loco,
400 1438 511 1474 quem
539 1438 654 1476 supra
682 1428 993 1475 commemoravi,
1029 1429 1053 1466 1.
1085 1429 1154 1476 52,
1191 1429 1260 1473 20,
1289 1428 1353 1466 ubi
1382 1428 1513 1467 eadem
1540 1428 1677 1466 lacuna
1705 1431 1746 1465 et

273 1492 372 1540 apud
401 1492 448 1530 R.
479 1492 732 1539 Stephanum,
773 1492 814 1530 id
847 1495 907 1530 est
940 1493 980 1529 in
1007 1492 1136 1530 codice
1165 1492 1263 1538 eius,
1300 1496 1340 1530 et
1367 1492 1468 1540 apud
1495 1492 1746 1530 Leonicenum

272 1557 474 1594 invenitur.
519 1556 668 1594 Deinde
696 1557 729 1594 si
756 1557 806 1594 ad
834 1557 857 1594 l.
891 1558 950 1601 38,
982 1558 1005 1594 2
1033 1557 1257 1605 transimus,
1294 1557 1347 1595 ibi
1375 1557 1539 1604 legimus
1566 1556 1748 1604 scriptum

274 1632 359 1659 cum
399 1622 439 1658 in
481 1621 566 1659 aliis
609 1621 732 1659 tribus
769 1621 980 1665 codicibus,
1025 1626 1105 1659 tum
1134 1622 1174 1659 in
1203 1621 1390 1669 Stephani
1419 1621 1656 1670 ἐπηγγέλλετο
1684 1620 1750 1669 μὲν

275 1683 329 1721 ἀεὶ
371 1682 469 1734 αὐτῷ
503 1683 795 1735 προβουλεύσειν,
844 1685 883 1722 in
931 1686 1068 1724 ceteris
1109 1688 1238 1723 autem
1280 1684 1551 1735 ἐπηγγέλλοντο.
1612 1685 1749 1723 Leon:

278 1759 450 1795 „sempre
492 1749 549 1795 gli
591 1761 659 1786 era
687 1749 870 1796 risposto:
914 1750 978 1787 noi
1011 1751 1048 1787 ci
1075 1745 1403 1796 consiglieron0“,
1441 1750 1542 1795 quod
1570 1748 1619 1786 ad
1646 1748 1751 1785 illam

276 1813 443 1860 priorem
471 1813 673 1850 lectionem
703 1813 892 1852 convenit.
940 1812 1226 1863 Xylandrum¹)
1253 1814 1325 1852 hoc
1352 1814 1435 1852 loco
1463 1823 1538 1852 non
1567 1812 1752 1859 omittam,

277 1877 341 1923 qui
368 1877 503 1914 vertit:
536 1888 600 1922 „se
627 1881 779 1916 autores
805 1879 885 1925 legi
912 1878 1060 1917 futuros
1079 1879 1397 1927 pollicebantur“‚
1427 1878 1529 1925 quod
1547 1889 1571 1915 a
1589 1877 1754 1915 lectione

278 1940 481 1988 Stephani,
521 1940 627 1979 cuius
653 1944 802 1980 textum
829 1942 870 1990 in
896 1943 1062 1990 linguam
1090 1943 1269 1981 Latinam
1296 1942 1505 1989 transtulit,
1536 1941 1753 1988 discrepare

278 2005 443 2043 videtur.
512 2006 557 2042 In
584 2006 609 2042 1.
640 2006 708 2052 38,
740 2007 790 2044 49
822 2007 940 2044 codex
982 2006 1038 2044 St.
1076 2010 1115 2044 et
1141 2007 1376 2045 Vesontinus
1411 2006 1562 2052 quidam
1594 2005 1753 2042 habent:

281 2066 431 2119 τοιούτῳ
458 2067 581 2119 τρόπῳ
612 2068 715 2121 μάχῃ
744 2068 986 2121 χρησάμενοι,
1024 2070 1092 2109 alii
1121 2070 1272 2109 codices
1299 2068 1580 2121 τοιουτοτρόπῳ,
1617 2068 1754 2107 Leon.:

285 2134 465 2177 „essendo
495 2138 593 2171 stato
623 2135 662 2170 in
691 2138 822 2180 questo
851 2136 961 2172 modo
990 2135 1030 2172 di
1045 2136 1316 2172 combattere“.
1358 2135 1424 2172 Ad
1441 2136 1466 2171 l.
1490 2135 1551 2176 39,
1571 2135 1624 2171 40
1642 2133 1758 2170 affert

285 2196 443 2234 Grosius
462 2200 607 2244 septem
622 2197 782 2242 codices,
803 2198 866 2245 qui
885 2198 1071 2246 praebent
1089 2198 1220 2249 Αἴγρου
1240 2209 1309 2246 pro
1329 2197 1475 2248 Λίγρου.
1502 2197 1551 2236 R.
1572 2196 1758 2245 Stephani

284 2260 452 2298 codicem
481 2261 635 2308 omittit,
668 2272 895 2309 quamquam
922 2263 1025 2310 apud
1043 2263 1149 2301 illum
1170 2263 1302 2313 Αἴγρου
1322 2257 1504 2309 scriptum
1523 2265 1594 2299 est.
1636 2261 1756 2298 Leon.

286 2323 417 2361 vertit:
452 2324 511 2368 „le
539 2324 622 2362 fece
650 2328 804 2372 portare
832 2329 895 2364 tra
913 2326 943 2364 il
960 2325 1073 2365 fiume
1091 2326 1236 2374 Ergo“,
1267 2326 1366 2373 quod
1386 2348 1434 2354 —
1455 2326 1636 2364 vitiosum
1654 2333 1759 2362 more

285 2387 492 2426 Leoniceni
521 2411 568 2417 —
598 2390 722 2436 magis
750 2400 835 2428 cum
853 2390 1040 2438 Stephani
1068 2391 1198 2430 codice
1224 2403 1335 2439 quam
1355 2391 1443 2429 aliis
1462 2389 1653 2436 congruit.
1694 2388 1760 2425 Ad

286 2451 311 2488 1.
333 2451 395 2496 39,
412 2452 461 2488 45
481 2451 641 2490 Grosius
670 2457 840 2500 annotat,
871 2465 955 2492 cum
983 2455 1089 2502 alios,
1119 2459 1199 2493 tum
1214 2454 1400 2503 Stephani
1415 2453 1582 2492 codicem
1601 2451 1760 2490 habere:

384 2597 407 2641 ¹)
433 2597 586 2641 „Dionis
613 2597 731 2634 Cassii
756 2599 885 2635 Nicaei
909 2600 1096 2635 Romanae
1128 2600 1303 2635 historiae
1329 2599 1415 2635 libri
1438 2599 1507 2643 (tot
1531 2597 1629 2633 enim
1652 2595 1762 2631 hodie

290 2655 451 2700 exstant)
481 2656 588 2701 XXV,
614 2657 787 2693 nimirum
812 2669 833 2694 a
857 2658 1006 2694 XXXVI
1030 2658 1078 2694 ad
1094 2658 1175 2694 LXI
1201 2687 1209 2695 .
1236 2686 1244 2695 .
1272 2686 1280 2693 .
1307 2658 1352 2694 de
1370 2657 1520 2694 Graecis
1537 2655 1660 2692 Latini
1676 2653 1765 2690 facti

290 2711 485 2749 Guilielmo
509 2715 696 2759 Xylandro
721 2716 939 2761 Augustano
963 2717 1178 2762 interprete.
1225 2716 1428 2752 Basileae.“
1476 2716 1610 2759 (1558.)
