2039 3254
409 454 518 493 Duae
545 466 607 493 res
636 466 704 493 nos
733 456 957 503 impediunt.
986 468 1045 502 ne,
1075 467 1147 503 quo
1177 457 1307 495 codice
1332 457 1572 495 Leonicenus
1599 468 1687 495 usus
1716 457 1778 500 sit,

302 528 520 556 asseverare
555 519 761 564 possimus,
805 523 843 557 et
877 520 977 566 quod
1010 519 1167 557 liberius
1196 523 1311 566 atque
1339 519 1435 557 adeo
1463 521 1601 559 vitiose
1630 520 1781 568 saepius

300 581 431 626 vertit,
461 585 501 619 et
529 582 629 628 quod
657 582 704 620 de
731 583 959 621 lectionibus
987 584 1103 621 variis
1134 583 1305 621 codicum
1324 583 1461 621 Dionis
1489 585 1595 622 nulla
1613 584 1661 622 ad
1681 585 1780 622 hunc

303 645 401 683 diem
444 648 552 683 certa
594 646 782 693 expositio
824 650 978 694 praesto
1021 650 1090 685 est.
1152 647 1213 685 De
1252 647 1443 695 prioribus
1483 647 1693 685 editoribus
1739 651 1783 685 ut

303 713 463 756 taceam,
495 710 606 748 decet
632 721 691 748 me
719 711 792 748 hoc
821 711 905 748 loco
934 712 1158 749 meritorum
1185 711 1443 750 Boissevainii
1472 712 1701 750 mentionem
1721 710 1783 749 fa-

303 784 405 820 cere,
444 774 525 821 qui,
571 785 654 811 cum
688 775 872 822 plurimos
902 775 1051 813 codices
1079 786 1225 814 summa
1253 780 1293 814 et
1321 776 1523 823 diligentia
1551 780 1590 813 et
1616 775 1689 814 fide
1719 775 1782 813 de-

305 838 513 885 scripserit,
543 842 670 877 tamen
699 840 749 877 ad
776 840 948 887 singulos
976 841 1080 879 locos
1099 841 1226 879 rarius
1245 840 1452 887 descendit,
1482 851 1596 887 quam
1615 843 1659 878 ut
1678 840 1783 878 auxi·

303 901 396 938 lium
423 901 532 939 nobis
560 902 697 940 afferre
725 903 857 950 possit.
907 904 1014 950 Quod
1033 908 1162 943 autem
1182 905 1231 943 ad
1250 904 1430 943 Grosium
1449 905 1601 951 attinet,
1632 904 1785 941 intelle-

303 976 374 1011 gas
404 977 452 1003 ex
480 966 547 1010 eis,
579 977 674 1012 quae
703 978 801 1005 nunc
830 968 999 1015 afferam,
1030 980 1126 1015 quae
1154 969 1246 1007 fides
1273 969 1386 1006 huius
1411 969 1457 1006 de
1477 971 1586 1006 textu
1606 967 1785 1005 relationi

304 1029 506 1067 tribuenda
534 1030 596 1068 sit.
643 1029 709 1067 Ad
727 1031 753 1068 1.
776 1032 837 1078 39,
858 1032 910 1068 50
939 1031 1006 1080 (ὥς
1035 1031 1177 1070 ἕκαστοι
1203 1034 1337 1082 σχολῆς
1355 1030 1378 1081 ἢ
1398 1031 1458 1069 καὶ
1476 1030 1677 1080 φιλολογίας
1696 1029 1785 1079 etc.)

306 1093 469 1131 Grosius
510 1094 623 1132 affert
658 1095 870 1142 complures
906 1096 1071 1140 codices,
1114 1097 1153 1133 in
1187 1096 1243 1135 eis
1275 1096 1323 1134 R.
1354 1095 1556 1143 Stephani,
1600 1095 1786 1142 praebere

305 1157 471 1208 ἑκάστης.
528 1158 603 1195 Sed
632 1159 848 1205 Stephanus
875 1160 991 1196 habet
1018 1158 1172 1196 ἔκαστοι.
1230 1159 1375 1197 Εοᾱ6111
1403 1160 1488 1196 1060
1517 1158 1680 1196 Grosius
1708 1168 1785 1195 non

304 1212 407 1258 videt
438 1221 673 1267 Stephanum
700 1222 949 1268 praebentem
977 1222 1176 1272 φιλοτιμίας
1204 1233 1273 1270 pro
1302 1221 1514 1272 φιλολογίας.
1577 1222 1630 1259 Et
1656 1224 1786 1258 tamen

306 1288 467 1328 constat,
497 1284 731 1331 Stephanum
760 1285 927 1323 codicem
957 1297 1065 1323 suum
1093 1287 1133 1323 in
1160 1289 1268 1324 textu
1296 1297 1452 1333 prorsus
1471 1296 1546 1323 non
1565 1285 1786 1323 mutavisse.

305 1348 394 1387 Non
435 1347 559 1385 minus
600 1347 697 1386 falso
733 1348 779 1386 de
807 1348 993 1396 Stephani
1028 1349 1158 1387 codice
1185 1350 1306 1387 refert
1333 1349 1494 1387 Grosius
1522 1349 1562 1386 in
1588 1348 1614 1387 l.
1645 1348 1706 1391 39,
1736 1347 1786 1384 56

306 1411 438 1461 (ἐνόσει
465 1422 534 1459 pro
564 1411 688 1461 ἐνόει),
717 1413 783 1460 40,
818 1414 863 1451 11
896 1412 1156 1464 (Τρηουήριοι),
1185 1414 1237 1451 40
1265 1424 1295 1451 6.
1327 1413 1378 1451 20
1404 1411 1647 1463 (Ὀρροηνός),
1676 1422 1707 1450 c.
1737 1412 1787 1449 25

309 1476 480 1526 (σκόπῳ).
537 1476 582 1513 111
610 1477 635 1513 1.
657 1478 721 1521 44,
751 1478 801 1514 52
830 1476 990 1515 Grosius
1019 1478 1185 1515 codicem
1204 1477 1235 1515 O
1264 1477 1304 1526 (i.
1326 1489 1359 1516 e.
1379 1476 1469 1515 Vat.
1491 1476 1586 1524 993)
1613 1479 1652 1513 et
1675 1486 1788 1523 prae-

306 1540 477 1577 bentium
505 1543 544 1577 et
573 1541 828 1578 emittentium
855 1542 972 1578 verba
991 1540 1143 1582 Κάσκας
1162 1563 1210 1568 -
1232 1541 1274 1579 ἐκ
1298 1543 1362 1591 τῆς
1382 1541 1553 1578 codicum
1572 1540 1612 1577 in
1629 1549 1785 1577 numero

307 1603 442 1641 refert.
486 1603 585 1641 Item
620 1604 660 1641 in
695 1605 718 1642 l.
749 1605 812 1652 46,
847 1605 895 1643 18
925 1605 1061 1643 Grosio
1095 1607 1251 1643 auctore
1280 1604 1467 1652 Stephani
1494 1603 1613 1642 codex
1641 1606 1679 1642 et
1708 1601 1787 1640 Κε-

309 1667 451 1716 ρελλίαν
494 1671 534 1704 et
562 1667 764 1717 Κερεαλίαν
805 1670 982 1715 praebet,
1029 1680 1112 1706 cum
1153 1670 1225 1706 hoc
1259 1669 1382 1705 solum
1409 1672 1557 1705 rectum
1584 1667 1651 1710 sit,
1694 1667 1789 1703 illud

308 1734 436 1769 autem
464 1743 488 1769 a
507 1730 702 1778 Stephano
731 1732 770 1769 in
799 1732 1114 1779 castigationibus
1142 1732 1219 1770 suis
1248 1731 1474 1779 postuletur.
1516 1729 1583 1769 Ad
1610 1731 1636 1769 1.
1656 1731 1786 1776 4o,15

308 1796 469 1832 Grosius
498 1796 603 1833 dicit:
640 1797 724 1841 „La
751 1797 860 1843 166011
889 1797 1058 1842 vulgaire
1088 1796 1325 1845 ἀκοντόφοροι
1354 1795 1460 1842 (3161)
1480 1806 1521 1831 se
1539 1797 1673 1832 trouve
1694 1794 1788 1831 dans

309 1861 354 1906 A,
387 1859 431 1897 G.
455 1858 572 1906 celle,
602 1870 674 1907 que
699 1859 874 1909 j'adopte
902 1858 1150 1910 (κοντοφόροι)
1179 1862 1237 1898 est
1266 1857 1466 1897 confirmee
1495 1868 1567 1906 par
1585 1856 1671 1897 Nic.
1690 1857 1790 1895 Leo-

310 1926 462 1961 niceno:
493 1929 546 1970 ,et
573 1929 734 1971 portano
764 1926 874 1962 haste
903 1926 944 1962 in
973 1928 1133 1962 mano‘.“
1179 1925 1313 1961 Lectio
1343 1922 1579 1972 ἀκοντοερόροι
1598 1923 1791 1959 invenitur

312 1989 429 2026 ctiam
457 1988 558 2036 apud
576 1988 625 2027 R.
646 1988 901 2037 Stephanum
934 1992 1103 2027 ceterum
1132 1999 1208 2026 non
1236 1987 1433 2034 intellego,
1463 1997 1529 2024 cur
1556 1986 1649 2024 haec
1676 1985 1790 2024 lectio

312 2054 435 2089 minus
463 2062 574 2098 quam
592 2053 719 2090 Grosii
746 2053 922 2090 versione
936 2052 1146 2090 Leoniceni
1175 2051 1400 2089 confirmata
1427 2051 1487 2088 sit.
1532 2050 1590 2087 Ad
1608 2050 1634 2088 1.
1655 2050 1718 2093 46,
1740 2050 1789 2088 23

314 2118 472 2153 annotat
501 2115 677 2154 Grosius:
712 2115 858 2164 „Apres
886 2115 923 2153 16
952 2118 1032 2153 mot
1059 2115 1368 2165 πολυπραγμονεῖν
1396 2114 1425 2152 11
1451 2124 1478 2161 y
1506 2124 1529 2151 a
1557 2112 1651 2151 dans
1679 2112 1717 2151 Gr
1745 2111 1791 2161 (i.

314 2191 344 2216 6.
367 2179 543 2227 Vesont.)
571 2184 611 2217 et
637 2181 731 2218 dans
751 2179 786 2217 K
808 2180 922 2228 (Ven.
947 2180 1040 2228 395)
1069 2191 1143 2217 une
1170 2180 1316 2224 laeum,
1347 2179 1411 2225 qui
1429 2178 1575 2216 s'etend
1589 2178 1793 2225 jusqu'aux

314 2246 414 2280 mots
443 2242 552 2293 αὐτῆς
580 2244 739 2294 τυχεῖν.“
786 2243 915 2280 Grosii
943 2243 1017 2280 fuit
1045 2243 1128 2282 hoc
1156 2242 1257 2281 loco
1285 2252 1354 2280 nos
1381 2242 1445 2279 ubi
1473 2242 1568 2279 haec
1595 2241 1711 2279 verba
1737 2240 1794 2278 in·

314 2308 518 2345 veniamur
559 2308 714 2354 docere,
757 2308 798 2345 id
839 2308 939 2354 quod
980 2319 1054 2345 non
1088 2308 1193 2354 prius
1226 2307 1323 2344 facit
1351 2318 1463 2353 quam
1491 2307 1540 2344 ad
1566 2307 1789 2344 vocabulum
1826 2346 1828 2349 ,

315 2372 435 2423 τυχεῖν
471 2371 608 2420 capitis
641 2372 712 2420 43,
758 2371 824 2409 ubi
853 2370 962 2409 dicit:
1011 2369 1138 2417 „O’est
1166 2371 1189 2408 a
1218 2381 1260 2410 ce
1287 2373 1368 2409 mot
1395 2380 1467 2418 que
1496 2380 1537 2409 se
1564 2369 1724 2408 termine
1751 2368 1790 2407 la

314 2437 449 2473 lacune
477 2435 648 2482 signalee
677 2447 725 2473 au
754 2437 810 2473 611.
844 2437 929 2474 23.“
988 2436 1071 2474 Nec
1098 2447 1189 2474 vero
1218 2436 1367 2473 initium
1395 2446 1465 2474 nec
1491 2434 1604 2472 finem
1631 2435 1791 2472 lacunae

314 2500 524 2548 diligenter
556 2499 722 2547 notavit;
765 2510 853 2537 nam
880 2499 1055 2537 lacunam
1083 2499 1190 2537 illam
1218 2499 1386 2547 incipere
1414 2501 1502 2546 post
1528 2497 1645 2536 verba
1672 2496 1712 2534 τὸ
1742 2496 1792 2541 δὲ,

313 2576 389 2602 11011
423 2568 513 2612 post
547 2566 878 2614 πολυπραγμονεῖν,
921 2568 961 2601 et
995 2564 1107 2601 finem
1134 2564 1275 2601 habere
1305 2567 1393 2601 ante
1421 2562 1645 2600 vocabulum
1673 2560 1793 2610 αὐτῆς,

313 2640 388 2668 11ο11
415 2630 555 2681 τυχεῖν,
600 2632 736 2668 auctor
764 2631 822 2667 est
850 2628 1136 2667 Boissevainius
1164 2628 1188 2666 l.
1220 2639 1271 2674 c.,
1315 2627 1379 2675 qui
1407 2626 1576 2665 codicem
1603 2624 1793 2665 Venetum

314 2695 435 2733 multo
463 2694 681 2732 accuratius
709 2692 850 2732 Grosio
879 2693 1052 2731 contulit.
1096 2713 1145 2719 —
1189 2692 1296 2730 Haec
1324 2690 1496 2739 exempla
1523 2690 1716 2729 sufficiant
1744 2690 1794 2728 ad

314 2758 423 2796 fidem
452 2758 582 2798 Grosii
609 2758 824 2797 notandam.
