2039 3254
873 297 1164 336 *11-

280 433 384 470 pare.
439 423 572 469 Neque
605 433 696 462 vero
732 422 872 468 dicam,
910 420 1071 459 eundem
1099 420 1267 459 codicem
1294 421 1335 458 in
1363 420 1558 467 utriusque
1584 420 1755 460 manibus

280 486 414 531 fuisse3
458 485 525 523 sed
565 495 650 523 cum
677 485 839 523 Grosius
872 487 1007 522 auctor
1039 484 1110 531 sit,
1154 484 1322 522 codicem
1350 483 1540 522 Venetum
1568 485 1645 522 396
1679 495 1756 522 non

280 549 389 588 valde
409 549 561 588 differre
580 549 628 588 ab
648 549 779 588 codice
798 548 995 598 Stephani,
1025 548 1126 596 quod
1143 547 1365 587 Boissevain
1385 547 1594 595 confirmat,
1623 548 1753 586 nescio

280 624 330 651 an
370 614 432 652 hic
464 614 632 652 Venetus
663 613 881 652 Leoniceno
922 616 1077 661 praesto
1117 612 1247 650 fuerit.
1304 611 1527 655 Videamus,
1570 611 1755 649 Similisne

279 680 407 715 textus
434 678 543 715 huius
566 678 707 715 codicis
725 677 932 715 Leoniceni
950 677 1117 715 versioni
1134 675 1267 715 haberi
1285 675 1417 723 possit.
1459 674 1506 712 In
1524 675 1550 713 1.
1570 675 1623 713 40
1650 685 1682 714 c.
1707 675 1754 713 18

279 752 364 780 cum
391 741 471 787 alii,
499 745 581 779 tum
608 742 674 780 ille
702 742 793 780 Ven.
824 742 967 780 habent
995 741 1144 792 δόρατος
1173 741 1301 791 μικροῦ
1329 751 1398 788 pro
1429 739 1584 790 μακροῦ,
1613 739 1750 777 Leon.:

283 806 417 848 „hasta
444 805 628 852 piccola“.
684 805 729 841 In
755 806 770 842 1
799 806 861 847 39,
892 806 941 842 62
969 804 1085 843 Ven.:
1115 804 1184 847 ἔξω
1211 806 1317 853 τετῆς
1347 802 1500 844 Ἰταλίας
1527 814 1597 850 pro
1627 802 1751 850 οἰκίας,

277 867 414 906 Leon:
466 879 564 913 „non
597 867 719 906 hebbe
756 867 968 906 ardimento
1002 868 1041 906 di
1069 868 1217 915 partire
1244 868 1357 906 fuora
1385 867 1473 905 dell'
1501 867 1654 904 Italia“.
1703 866 1750 904 In

278 932 301 969 l.
332 932 396 977 40,
426 932 450 969 2
478 931 596 970 Ven.:
627 931 687 969 καὶ
714 931 928 969 σουελλανόν
956 943 1026 979 pro
1055 930 1344 974 Κασουελλανόν,
1380 932 1518 969 Leom:
1558 931 1753 975 „havendo

277 994 374 1034 fatto
416 1006 483 1034 suo
517 997 694 1044 capitano
722 996 874 1034 Suela“.
936 996 980 1033 In
1012 996 1037 1034 1.
1067 997 1130 1044 46,
1161 996 1210 1034 29
1238 995 1336 1035 Ven.
1372 995 1517 1033 omittit
1548 993 1667 1034 verba
1694 993 1754 1033 καὶ

277 1060 323 1109 τῇ
357 1058 457 1109 τρίτῃ
487 1079 536 1086 -
566 1059 789 1110 λεχθέντων,
834 1070 931 1107 quae
970 1060 1210 1097 Leonicenus
1251 1070 1398 1105 quoque
1432 1070 1507 1096 non
1540 1058 1670 1095 habet.
1704 1080 1753 1085 —

276 1122 411 1170 Neque
438 1134 528 1162 vero
557 1134 604 1162 ex
631 1124 691 1162 his
718 1123 814 1163 locis
839 1127 982 1162 certum
1007 1123 1210 1171 quidquam
1228 1123 1453 1162 concludere
1473 1121 1606 1160 audeo.
1650 1119 1754 1160 Aliis

276 1186 376 1224 enim
403 1187 495 1225 locis
523 1187 707 1225 lectiones
734 1187 889 1226 differre
915 1188 1095 1226 videntur
1123 1187 1247 1236 (velut
1273 1189 1335 1234 52,
1367 1188 1430 1233 20,
1461 1188 1509 1225 de
1536 1197 1609 1233 quo
1638 1197 1754 1233 supra

277 1250 367 1296 dixi,
384 1251 447 1298 39,
467 1253 531 1289 13:
547 1250 724 1302 Βερονίκη
741 1273 790 1278 -
810 1251 1054 1299 „Berenice“,
1069 1252 1133 1297 40,
1151 1252 1217 1290 20:
1235 1250 1431 1302 Ὀσροηνός
1446 1272 1496 1278 --
1516 1252 1751 1298 „Arroen0“,

276 1315 339 1359 40,
371 1315 435 1353 38:
465 1313 729 1353 Νοουιδοουνόν
760 1337 809 1342 -
840 1316 1112 1360 „Novindun0“
1144 1316 1248 1364 etc.).

379 1378 519 1416 Libros
560 1390 584 1416 a
615 1379 833 1417 Leoniceno
875 1390 1004 1418 versos
1038 1380 1153 1418 etiam
1186 1380 1267 1417 cod.
1297 1379 1531 1417 Vesontinus
1566 1379 1747 1416 continet.

275 1440 350 1478 Hic
385 1441 528 1479 omittit
554 1442 594 1480 in
621 1443 648 1481 1.
676 1443 744 1489 44,
775 1445 825 1482 46
854 1444 988 1481 verba:
1018 1442 1071 1480 ὅτι
1099 1442 1201 1480 οὐδὲν
1229 1442 1362 1493 χείρων
1392 1464 1441 1469 -
1470 1441 1615 1492 ἔπραξε,
1659 1453 1754 1488 quae

275 1504 393 1543 Leon.
424 1506 557 1543 vertit:
590 1506 796 1551 „dimostro
824 1517 898 1545 non
917 1518 1020 1546 esser
1038 1507 1135 1545 fatto
1154 1507 1340 1555 peggiore
1359 1507 1488 1544 niente
1506 1507 1546 1544 in
1563 1504 1750 1544 Alessan-

275 1567 360 1606 dria
393 1579 440 1606 ne
475 1579 579 1607 esser
607 1570 794 1608 dimorato
821 1571 937 1617 longo
964 1574 1093 1618 tempo
1122 1571 1161 1608 in
1189 1581 1274 1608 essa
1300 1581 1370 1617 per
1399 1571 1539 1607 delitie.
1598 1568 1749 1616 Impero

275 1632 345 1670 che
373 1643 478 1671 come
505 1633 688 1680 potrebbe
716 1634 795 1681 egli
820 1635 961 1673 havere
988 1634 1087 1673 fatto
1116 1635 1239 1681 quelle
1268 1645 1354 1672 coso
1383 1635 1416 1672 si
1444 1634 1677 1680 facilmente,
1708 1644 1750 1671 se

274 1705 350 1733 non
377 1699 489 1735 etc.“.
536 1696 641 1736 Aliis
667 1698 762 1736 locis
789 1701 923 1736 contra
941 1698 1181 1736 Leonicenus
1208 1709 1293 1736 cum
1314 1698 1521 1736 Vesontino
1551 1697 1751 1741 consentit,

273 1760 377 1798 Velut
410 1761 450 1798 in
477 1761 501 1799 1.
530 1762 595 1807 45,
627 1763 674 1799 17
704 1761 796 1811 μετὰ
823 1759 932 1799 Γαΐου
961 1761 1036 1800 ὑιοῦ
1064 1772 1133 1809 pro
1162 1760 1304 1812 Οὐιβίου
1333 1761 1490 1811 (Leon.:
1526 1772 1622 1807 „con
1650 1759 1752 1800 Gaio

275 1834 340 1861 suo
369 1824 559 1874 figliu10“)
601 1828 641 1862 et
681 1826 744 1863 τοῦ
781 1824 939 1864 Ἰουλίου
973 1824 1124 1867 θύοντος
1157 1837 1226 1874 pro
1259 1827 1322 1863 τοῦ
1352 1824 1493 1875 Οὐιβίου
1522 1825 1558 1863 θ.
1590 1825 1750 1874 (Leon.:

273 1887 519 1925 sacrificendo
547 1889 669 1937 Julio)
696 1892 768 1926 etc.

379 1952 533 1991 Pariter
551 1953 592 1991 in
610 1953 872 2001 comparandis
891 1954 1030 1993 ceteris
1048 1954 1240 1993 codicibus
1258 1955 1431 2002 exempla
1446 1957 1605 2002 possunt
1618 1954 1751 1993 afferri

273 2015 482 2054 Leoniceni
508 2018 673 2055 versioni
701 2022 741 2055 et
767 2019 1018 2065 congruentia
1044 2022 1085 2056 et
1103 2020 1366 2066 repugnantia,
1396 2029 1515 2065 eaque
1534 2029 1610 2056 non
1628 2020 1750 2057 solum

274 2079 314 2117 111
348 2079 543 2119 codicibus
577 2080 847 2129 deterioribus,
889 2082 956 2121 sed
990 2082 1106 2120 etiam
1140 2082 1182 2120 in
1208 2082 1307 2122 Ven.
1337 2083 1414 2121 395
1450 2083 1519 2120 illo
1546 2086 1750 2130 praestan-

273 2144 432 2183 tissimo.
477 2145 593 2183 Velut
620 2145 660 2182 in
687 2146 755 2184 illo
782 2147 807 2184 1.
829 2147 892 2192 44,
921 2147 972 2184 46
1001 2149 1039 2185 et
1058 2147 1122 2191 45,
1155 2149 1202 2184 17
1230 2147 1341 2185 1110ᾶο
1370 2148 1503 2192 citato,
1531 2157 1607 2185 non
1625 2146 1749 2185 minus

273 2207 312 2245 in
339 2208 365 2247 1.
391 2208 455 2255 44,
471 2209 535 2255 52,
562 2209 629 2247 ubi
655 2208 718 2254 hic
737 2208 833 2248 Ven.
863 2220 951 2258 non,
982 2209 1082 2257 quod
1109 2210 1262 2258 plurimi
1281 2211 1441 2258 codices,
1472 2211 1615 2248 omittit
1633 2211 1751 2250 verba

273 2270 425 2314 Κάσκας
444 2295 491 2301 —-
515 2272 557 2312 ἐκ
583 2275 728 2323 fimet
753 2273 870 2312 Leon.
901 2274 1036 2312 vertit:
1070 2274 1240 2320 „Perche
1268 2286 1342 2313 uuo
1373 2278 1475 2314 certo
1499 2275 1599 2314 Gaio
1629 2275 1750 2315 Casca

273 2336 425 2375 tribuno
452 2337 681 2377 intendendo
709 2348 815 2377 come
843 2337 967 2378 Cinna
993 2349 1061 2377 era
1087 2341 1189 2377 stato
1216 2342 1341 2378 morto
1360 2349 1430 2387 per
1443 2340 1483 2377 la
1501 2340 1751 2379 similitudine

273 2400 334 2439 del
360 2406 509 2449 nome“,
538 2406 579 2440 et
604 2403 644 2440 in
671 2404 696 2441 l.
717 2405 780 2449 45,
803 2404 865 2449 19,
892 2403 959 2442 ubi
986 2403 1104 2442 verba
1119 2403 1180 2442 καὶ
1207 2404 1302 2453 λόγῳ
1318 2426 1366 2432 -
1384 2404 1586 2446 δεδωκότες
1604 2405 1644 2442 111
1662 2406 1749 2443 aliis

273 2464 481 2513 codicibus,
523 2477 647 2514 neque
686 2477 779 2506 vero
812 2467 853 2505 in
880 2466 978 2506 Ven.
1006 2467 1083 2506 395
1121 2478 1243 2515 neque
1271 2468 1311 2506 in
1338 2467 1546 2506 Leoniceni
1573 2468 1750 2507 versione

272 2529 509 2570 omittuntur.
556 2529 598 2569 Si
626 2531 787 2578 denique
815 2531 964 2570 codices
991 2533 1032 2569 in
1057 2532 1087 2571 1.
1105 2532 1169 2574 46,
1190 2532 1237 2569 18
1266 2532 1506 2579 conferimus,
1536 2532 1750 2572 invenimus

270 2592 311 2630 111
337 2592 410 2631 hoc
437 2592 528 2632 Ven.
559 2594 743 2643 scriptum
771 2605 853 2634 esse
880 2593 1081 2646 Κερελλίαν
1109 2594 1257 2645 (Gne),
1286 2595 1325 2633 in
1354 2595 1478 2634 altero
1499 2595 1601 2636 Ven.
1620 2599 1749 2635 autem

272 2654 475 2707 Κελεαρίαν
504 2658 665 2707 (Sturz),
694 2659 951 2698 Leonicenum
977 2663 1105 2698 autem
1131 2660 1311 2699 vertisse:
1350 2659 1603 2709 „Cerealea“‚
1647 2661 1747 2708 quod

271 2730 317 2757 ex
343 2720 403 2759 his
431 2720 576 2760 duobus
602 2722 826 2762 lectionibus
855 2723 1015 2762 mixtum
1041 2734 1125 2762 esse
1153 2727 1283 2772 potest
1310 2724 1446 2763 videri.
