2039 3254
888 320 1150 361 -5-.„

288 446 401 493 1885,
430 456 514 494 pag.
543 447 648 496 329).
696 448 739 484 R.
760 447 974 495 Stephanus
1002 446 1206 484 emendans
1233 446 1331 484 1111110
1358 446 1482 483 10011111
1510 446 1581 483 hae
1608 445 1757 483 ratione

286 510 424 548 utitur:
476 509 595 556 „Cum
635 511 835 559 imperitus
875 511 1001 549 scriba
1042 509 1140 552 νίκας
1182 508 1404 561 παραδόξους
1445 509 1520 548 dici
1546 520 1656 557 posse
1683 519 1757 547 non

288 574 470 619 crederet,
500 585 546 613 ex
573 576 725 614 nomine
752 577 905 614 insertis
934 575 1076 614 duabus
1105 575 1230 613 literis
1258 574 1349 612 fecit
1374 574 1617 621 participium
1645 577 1686 611 et
1712 585 1760 611 ex

286 637 422 679 πολλὰς
463 660 512 667 —
553 639 746 681 πολλούς“.
800 640 887 678 Ηο0
927 639 1068 677 satisne
1109 642 1215 677 recte
1257 639 1474 677 conclusum
1514 639 1567 676 sit
1607 638 1758 680 dubi†o;

287 713 374 740 nam
403 703 435 741 si
462 704 589 742 scriba
615 704 682 741 iile
717 704 918 751 imperitus
953 703 1051 745 νίκας
1093 702 1315 753 παραδόξους
1355 702 1491 741 falsum
1531 702 1758 750 putavisset,

286 766 489 816 παραδόξας
530 768 665 813 opinor
704 767 919 814 scripsisset
953 778 1022 805 nec
1058 768 1170 814 plura
1210 767 1445 805 mutavisset.
1500 766 1632 812 Neque
1666 776 1758 803 vero

288 830 333 867 R.
363 830 575 876 Stephanus
603 830 710 868 illam
738 831 965 869 sententiam
993 831 1231 875 obtinuisset,
1274 831 1306 867 si
1335 833 1550 868 ceterorum
1577 830 1759 868 lectiones

290 893 458 930 codicum
488 894 739 940 cognovisset.
786 893 881 931 Cum
901 894 1001 931 enim
1021 904 1148 931 omnes
1177 893 1327 931 codices
1355 897 1395 931 et
1414 894 1454 930 in
1473 894 1539 938 eis,
1568 893 1602 930 si
1619 892 1758 930 Grosio

286 956 398 994 fidem
425 957 619 1002 habemus,
640 957 743 995 Med.
766 958 826 1003 70,
849 958 871 994 8
892 957 1061 994 melioris
1088 959 1202 994 notae
1221 957 1430 1003 praebeant
1448 956 1605 1005 νικήσας,
1633 956 1759 994 1105010

290 1032 338 1058 an
367 1020 413 1059 de
442 1032 573 1059 errore
607 1021 756 1060 scribae
792 1021 960 1066 cogitare
1000 1020 1108 1059 nobis
1148 1020 1282 1065 liceat,
1325 1020 1391 1058 sed
1417 1021 1489 1058 hoc
1517 1019 1761 1067 participium

288 1085 516 1123 servandum
545 1096 627 1124 esse
655 1089 760 1133 puto.
816 1085 945 1123 Minus
972 1085 1235 1123 confir-matum
1255 1088 1313 1123 est
1332 1084 1557 1122 vocabulum
1577 1085 1760 1133 πολεμῶν,

289 1149 388 1194 quod
421 1150 576 1196 plurimi
610 1149 768 1197 codices,
805 1149 844 1186 in
871 1149 1007 1195 quibus
1034 1149 1136 1187 Med.
1168 1150 1229 1194 70,
1262 1151 1309 1186 10
1339 1149 1570 1186 auctoritate
1598 1148 1760 1194 quadam

289 1223 364 1250 11011
393 1223 536 1257 carens,
578 1216 728 1251 mutant
754 1214 793 1250 in
822 1213 1003 1262 πολέμους
1034 1223 1154 1259 neque
1190 1223 1258 1259 ego
1299 1223 1453 1251 servare
1495 1212 1619 1258 velim,
1663 1211 1762 1258 quod

293 1278 463 1324 πολεμῶν
491 1280 578 1323 post
605 1277 747 1326 νικήσας
775 1278 878 1314 0111111
904 1278 942 1313 vi
962 1279 1122 1314 careret.
1169 1277 1306 1322 Itaque
1328 1276 1503 1313 emendo:
1535 1275 1679 1324 νικήσας
1697 1276 1762 1323 μὲν

295 1338 475 1387 πολέμους
508 1339 662 1380 πολλοὺς
690 1339 727 1376 ἐν
754 1341 801 1389 τῇ
824 1339 999 1389 Ἀφρικῆ,
1035 1339 1170 1380 πολλὰς
1204 1339 1243 1376 δὲ
1277 1338 1336 1377 καὶ
1364 1338 1401 1375 ἐν
1434 1340 1481 1388 τῇ
1510 1337 1616 1388 Ἀσίᾳ
1648 1339 1695 1388 τῇ
1722 1352 1762 1375 τε

290 1400 451 1451 Εὐρώπῃ
481 1401 577 1442 νίκας
611 1402 833 1452 παραδόξους
869 1402 1094 1451 ἀνελόμενος.
1151 1402 1246 1440 Cum
1281 1403 1381 1440 enim
1416 1403 1532 1439 etiam
1566 1403 1642 1439 alio
1678 1402 1761 1440 loco

290 1465 391 1512 apud
417 1465 582 1502 Dionem
617 1466 695 1514 (76,
729 1465 793 1513 10)
830 1466 1015 1512 legamus:
1063 1465 1145 1506 τοὺς
1181 1465 1363 1514 πολέμους
1397 1465 1437 1502 δι’
1473 1464 1606 1515 ἑτέρων
1642 1467 1761 1509 νικῶν,

293 1530 365 1566 1100
392 1539 539 1575 quoque
568 1529 651 1566 loco
679 1540 753 1566 non
782 1529 951 1566 offendor
979 1530 1161 1567 eiusmodi
1188 1529 1338 1566 dicendi
1365 1539 1512 1575 genere.
1559 1529 1605 1566 In
1634 1532 1762 1577 poste-

291 1594 392 1629 riore
432 1596 543 1640 parte
585 1593 862 1630 substantivum
904 1592 1002 1633 νίκας
1038 1592 1189 1641 (πολλὰς
1222 1603 1291 1640 pro
1327 1593 1483 1633 πολλοὺς
1515 1592 1764 1641 substituens)

292 1656 468 1703 apposui3
497 1667 585 1694 nam
614 1656 687 1694 etsi
714 1656 873 1704 πόλεμον
903 1655 1091 1693 ἀνελέσθαι
1118 1659 1158 1693 et
1175 1656 1314 1693 Dionis
1342 1660 1383 1693 et
1410 1656 1572 1693 aliorum
1600 1656 1765 1703 scripto-

291 1729 374 1755 rum
415 1719 544 1767 locis¹)
589 1719 841 1765 confirmatur,
886 1722 1014 1756 tamen
1055 1719 1127 1756 hoc
1161 1719 1281 1765 magis
1315 1719 1364 1756 ad
1397 1719 1498 1756 bella
1526 1718 1766 1765 suscipienda

290 1793 403 1828 quam
437 1783 485 1820 ad
518 1782 684 1820 feliciter
726 1783 982 1830 componenda
1022 1782 1265 1820 referendum
1299 1786 1340 1819 et
1372 1781 1419 1820 ob
1453 1793 1535 1819 eam
1569 1792 1650 1819 rem
1677 1782 1766 1820 huic

291 1846 374 1883 loco
415 1845 538 1883 minus
580 1846 803 1883 concinnum
845 1846 1012 1892 videtur,
1056 1846 1284 1892 praesertim
1325 1856 1409 1882 cum
1445 1844 1543 1885 νίκας
1578 1844 1767 1882 ἀνελέσθαι

292 1910 480 1958 saepius2)
514 1910 615 1957 apud
643 1910 804 1948 Dionem
832 1910 1060 1948 inveniatur.

398 1973 660 2020 Depravatum
690 1977 748 2010 est
775 1973 891 2010 etiam
921 1973 1018 2019 quod
1046 1973 1086 2009 in
1113 1973 1139 2011 1.
1159 1973 1210 2009 48
1240 1984 1271 2010 0.
1300 1974 1345 2010 21
1380 1973 1528 2010 codices
1561 1973 1762 2019 praebent:

292 2037 356 2086 τὴν
383 2036 543 2087 κεφαλὴν
563 2036 670 2074 αὐτοῦ
692 2036 911 2085 ἀμελεῖσθαι.
947 2036 995 2075 R.
1016 2035 1243 2084 Stephanus,
1263 2036 1530 2081 Leunclavius,
1550 2036 1766 2082 Reimarus

293 2100 466 2138 Sturzius
496 2100 713 2137 emendant:
758 2100 968 2149 ἀφελέσθαι,
1004 2099 1222 2146 Xylander,
1257 2099 1428 2146 Grosius,
1465 2099 1635 2146 Bekker,
1670 2100 1767 2137 Din-

293 2162 434 2202 dorfius
461 2163 659 2210 ἀνελέσθαι,
688 2163 863 2211 Wagner
890 2163 1009 2202 vertit
1039 2164 1190 2209 „seinen
1214 2163 1328 2211 Kopf
1352 2163 1652 2211 auszugraben“‚
1681 2161 1766 2210 Xy-

293 2228 443 2265 lander:
491 2232 628 2274 „caput
656 2228 874 2271 effossum“‚
908 2228 1164 2265 Leonicenus:
1209 2229 1279 2265 che
1312 2238 1478 2265 armasse
1508 2228 1536 2264 il
1565 2238 1659 2273 capo
1687 2237 1768 2266 suo.

293 2291 495 2338 Utcunque
530 2291 592 2329 hic
618 2291 725 2329 locus
753 2291 988 2337 emendatur,
1031 2301 1161 2329 sensus
1202 2301 1351 2339 semper
1391 2290 1491 2328 idem
1526 2293 1596 2334 est,
1640 2290 1704 2336 qui
1731 2290 1770 2326 in

292 2356 477 2403 Wagneri
491 2366 637 2402 quoque
658 2359 696 2394 et
714 2355 907 2403 Xylandri
926 2355 1164 2393 versionibus
1182 2357 1355 2402 apparet.
1385 2355 1623 2393 Leonicenus
1642 2357 1769 2391 autem

389 2454 418 2498 ¹)
445 2455 501 2498 42,
521 2455 577 2498 20,
596 2455 634 2488 2:
660 2450 737 2492 τοὺς
763 2455 838 2499 γοῦν
864 2452 1030 2499 πολέμους
1048 2478 1057 2487 .
1078 2479 1088 2488 .
1106 2479 1115 2488 .
1140 2451 1223 2486 καθ’
1244 2450 1361 2485 ἑαυτὸν
1388 2448 1546 2487 ἀνείλετο.
1580 2452 1637 2495 48,
1659 2452 1712 2494 12,
1729 2453 1770 2486 4:

301 2509 358 2543 τὸν
383 2510 528 2557 πόλεμον
566 2508 663 2549 αὖθις
702 2510 884 2547 ἀνείλοντο.
933 2511 989 2554 50,
1015 2512 1047 2553 3,
1074 2511 1112 2545 2:
1150 2510 1206 2542 τόν
1232 2521 1268 2542 τε
1297 2509 1442 2554 πόλεμον
1469 2507 1632 2544 ἀνείλετο.
1680 2508 1772 2543 Xen.

303 2568 375 2606 An.
402 2569 434 2614 5,
460 2570 492 2613 7,
519 2570 580 2605 27:
614 2567 669 2602 οὐκ
695 2567 814 2603 ἔσεσθε
839 2567 944 2615 κύριοι
969 2566 1148 2602 ἀνελέσθαι
1173 2566 1331 2614 πόλεμον.
1380 2566 1466 2602 Her.
1492 2566 1525 2611 5,
1551 2567 1614 2602 36:
1651 2563 1707 2599 οὐκ
1735 2565 1773 2600 ἔα

294 2626 439 2672 πόλεμον
466 2625 599 2672 βασιλέ’.
624 2629 672 2672 τῷ
698 2625 858 2673 Περσέων
884 2625 1108 2673 ἀναιρέεσθαι.

392 2685 422 2729 ²)
446 2685 503 2729 43,
529 2686 586 2729 41,
613 2685 649 2721 2:
692 2684 817 2732 ταύτην
848 2685 908 2733 τὴν
940 2682 1033 2731 νίκην
1067 2683 1212 2731 ἐσχάτην
1238 2682 1399 2719 ἀνείλετο.
1448 2683 1507 2730 43,
1530 2684 1589 2729 44,
1613 2684 1652 2718 4:
1695 2680 1773 2715 ὅταν

294 2742 388 2789 νίκην
414 2742 488 2777 τινὰ
512 2743 670 2789 τοιαύτην
697 2742 891 2779 ἀνέλωνται.
