2039 3254
861 337 1123 378 —6-—

253 461 344 508 quid
373 461 602 508 cogitaverit
635 465 790 500 vertens
832 463 933 501 hune
973 463 1110 510 locum,
1156 463 1307 501 omnino
1335 474 1410 501 non
1437 463 1567 511 vide03
1608 473 1729 509 neque

253 525 352 562 enim
380 525 499 563 ullam
526 525 846 572 significationem
876 527 982 565 verbi
1009 526 1138 564 Italici
1176 530 1372 571 „armare“
1410 528 1580 566 invenire
1607 527 1728 574 potui,

252 599 350 635 quae
379 589 468 627 huic
494 590 580 627 loco
617 591 835 638 conveniat,
871 579 946 628 nisi
979 590 1078 629 forte
1110 590 1351 628 Leonicenus
1378 589 1552 629 Sextium
1579 590 1731 639 putavit

251 663 275 689 a
302 655 413 691 tauro
442 654 508 690 illo
543 654 685 692 iussum
719 666 802 692 esse
843 665 951 691 suum
991 654 1111 701 ipsius
1153 657 1270 701 caput
1310 664 1470 701 armare,
1514 654 1613 700 quod
1640 658 1681 692 et
1707 665 1731 691 a

251 717 379 756 verbis
407 717 653 764 sequentibus
687 717 744 756 ἐπὶ
772 717 937 767 κάμακος
965 717 1083 768 φέρειν
1111 718 1224 764 plane
1253 717 1434 756 abhorret
1462 721 1501 756 et
1527 721 1731 765 praeterea

252 781 380 818 nescio
414 792 464 818 an
492 781 718 819 insolentius
752 782 894 818 dictum
922 781 985 819 sit.
1039 780 1173 827 Atque
1200 781 1296 818 adeo
1325 785 1454 828 putem
1481 781 1602 825 illum,
1645 792 1729 819 cum

251 846 373 882 verba
400 845 544 883 codicis
572 846 722 882 omnino
750 856 825 883 non
852 845 1111 892 intellegeret,
1141 850 1286 883 temere
1314 846 1380 884 illo
1407 846 1592 884 vocabulo
1620 856 1730 883 usum

253 919 346 947 esse.
403 909 489 947 Hoc
517 910 617 946 enim
645 909 798 946 minime
826 909 1011 946 abhorret
1039 920 1062 947 a
1088 909 1295 948 Leoniceni
1322 920 1464 956 genere
1492 909 1653 955 dicendi,
1684 909 1731 946 de

251 983 326 1020 quo
354 973 456 1010 infra
484 973 615 1010 dicam.
663 972 775 1020 Quod
803 973 942 1011 attinet
969 973 1019 1011 ad
1037 973 1343 1011 emendationem
1361 974 1472 1012 huius
1499 974 1585 1021 loci,
1614 985 1729 1022 prae-

251 1037 375 1074 feram
403 1036 602 1075 ἀνελέσθαι.
649 1036 749 1075 Nam
776 1038 815 1074 in
839 1037 1025 1075 vocabulo
1054 1036 1250 1086 ἀφελέσθαι
1267 1038 1368 1076 inest
1384 1038 1590 1086 praecipue
1609 1037 1729 1085 signi-

249 1100 378 1140 ficatio
405 1100 602 1139 amovendi
630 1100 742 1147 idque
770 1112 840 1148 per
867 1101 943 1139 vim
971 1101 1033 1140 vel
1051 1101 1239 1148 iniuriam,
1271 1101 1371 1148 quod
1400 1102 1565 1140 alienum
1593 1105 1653 1140 est
1680 1102 1730 1139 ab

250 1168 381 1202 nostro
408 1165 503 1203 loco.
556 1164 771 1203 Ἀνελέσθαι
812 1169 939 1203 autem
973 1166 1036 1204 hic
1062 1164 1255 1211 significat
1291 1176 1339 1203 ex
1370 1166 1485 1204 humo
1527 1167 1566 1203 in
1607 1166 1729 1203 lucem

249 1229 425 1277 proferre
454 1232 493 1267 et
520 1229 594 1268 sibi
612 1240 771 1268 sumere.
821 1228 1051 1267 Coniectura
1068 1229 1216 1276 Oddeii‚
1246 1240 1357 1277 quam
1375 1230 1581 1268 Reimarus
1606 1229 1728 1272 affert,

249 1293 483 1343 τημελεῖσθαι
502 1309 546 1322 =
566 1297 682 1342 caput
710 1305 854 1339 curare,
884 1295 978 1332 mihi
1003 1305 1123 1341 neque
1144 1304 1190 1332 ex
1218 1305 1330 1332 sensu
1356 1295 1431 1332 loci
1450 1293 1602 1332 defendi
1620 1305 1729 1342 posse

248 1357 403 1396 videtur
431 1368 552 1404 neque
586 1358 853 1406 etymologiae,
889 1369 973 1396 cum
1008 1358 1102 1397 illud
1130 1357 1355 1397 vocabulum
1383 1358 1484 1406 apud
1511 1358 1607 1396 alios
1634 1369 1729 1396 nun·

250 1433 363 1468 quam
395 1432 536 1468 genere
573 1422 678 1459 verbi
713 1423 838 1460 medio
874 1422 1030 1467 flexum,
1073 1422 1174 1469 apud
1202 1423 1363 1460 Dionem
1391 1423 1543 1460 omnino
1571 1433 1644 1460 non
1672 1422 1729 1460 in-

250 1485 436 1522 veniatur.

357 1549 616 1586 Leonicenum
643 1549 761 1586 verba
780 1549 931 1595 quidem
950 1549 1084 1587 Dionis
1111 1549 1231 1587 libere
1249 1549 1471 1594 reddidisse,
1502 1549 1729 1586 sententiam

250 1623 341 1651 vero
360 1613 583 1660 plerumque
602 1612 844 1659 intellexisse,
874 1612 1046 1651 videmus
1072 1613 1188 1651 etiam
1215 1612 1254 1650 in
1281 1614 1305 1650 l.
1328 1614 1377 1652 50
1408 1623 1440 1652 c.
1461 1613 1521 1651 20.
1571 1611 1730 1650 Codices

249 1676 407 1714 habent:
437 1677 470 1713 οἱ
498 1676 557 1714 καὶ
582 1676 661 1726 πρὶν
681 1675 858 1726 κρατῆσαί
874 1690 906 1713 τι
924 1676 1170 1725 πεποιηκότες,
1201 1677 1300 1722 quod
1318 1677 1557 1714 Leonicenus
1581 1676 1725 1714 reddit:

253 1740 347 1785 „che
381 1740 528 1778 feciono
563 1740 683 1778 molta
717 1739 890 1778 crudelta
923 1740 1053 1777 avanti
1087 1740 1156 1778 che
1190 1739 1334 1778 fussino
1361 1740 1578 1779 vincitori“.
1634 1739 1729 1777 Cum

251 1804 350 1842 enim
378 1807 493 1842 antea
520 1804 799 1852 interrogatum
827 1804 894 1842 sit:
941 1804 1041 1841 Num
1073 1805 1240 1842 victores
1272 1804 1327 1841 illi
1359 1804 1400 1842 in
1428 1814 1495 1842 nos
1523 1804 1732 1842 clementer

251 1869 476 1906 consulent?
504 1868 601 1906 nihil
629 1868 733 1906 aliud
753 1868 860 1915 sequi
879 1871 1020 1915 potest,
1050 1879 1164 1914 quam
1188 1868 1288 1915 quod
1307 1867 1514 1915 sig-nificat:
1546 1868 1610 1915 qui
1637 1878 1730 1905 non-

252 1933 340 1971 dum
368 1936 483 1980 parta
510 1933 671 1970 victoria
698 1933 946 1970 inclementer
974 1935 1144 1979 egerunt.
1191 1931 1302 1979 Quod
1329 1935 1457 1970 autem
1478 1931 1653 1970 Sturzius
1681 1932 1731 1969 ad

250 1997 351 2035 hunc
378 1997 503 2035 locum
531 1999 706 2035 annotat:
739 1997 860 2041 „nihil
888 1996 1110 2034 mutandum
1129 1995 1292 2043 videtur,
1320 1996 1432 2034 modo
1460 2010 1492 2033 τι
1519 1995 1732 2043 explicetur

252 2061 411 2108 ,aliquid
438 2061 625 2107 gravius‘.
671 2061 795 2108 Saepe
820 2061 919 2098 enim
951 2059 1063 2097 δεινόν
1092 2061 1153 2098 vel
1180 2060 1304 2097 simile
1332 2060 1533 2105 omittitur,
1561 2063 1604 2097 ut
1630 2060 1732 2107 apud

252 2124 547 2163 Demosthenem
575 2136 610 2172 p.
642 2125 731 2168 555,
763 2126 835 2162 11“
867 2146 917 2152 —
946 2124 1109 2171 probare
1142 2133 1301 2171 nequeo.
1357 2123 1451 2162 Cum
1485 2124 1586 2161 enim
1618 2128 1731 2161 antea

251 2189 436 2226 vocabulo
455 2188 634 2238 φείσονται
652 2188 881 2235 respondeat
899 2188 950 2237 μὴ
971 2187 1208 2237 πεφεισμένοι,
1238 2187 1375 2225 deinde
1395 2187 1524 2226 verbis
1543 2185 1731 2236 ἀφέξονται

252 2253 324 2289 τῶν
351 2252 539 2302 ἡμετέρων
576 2274 625 2280 -
655 2251 1028 2302 δεδασμολογηκότες,
1071 2251 1156 2290 fieri
1188 2262 1265 2290 non
1298 2254 1444 2298 potest,
1487 2250 1576 2297 quin
1617 2251 1731 2289 etiam

251 2317 435 2355 vocabulo
463 2316 838 2367 φιλανθρωπεύσονται
866 2321 1014 2354 certum
1034 2316 1190 2363 aliquod
1209 2316 1368 2355 verbum
1387 2326 1510 2363 neque
1537 2315 1731 2362 gravitate

251 2381 417 2428 quadam
451 2390 584 2419 carens
612 2385 836 2429 opponatur.
893 2380 1081 2425 Sturzius,
1118 2380 1284 2426 Bekker‚
1318 2379 1539 2418 Dindorfius
1570 2380 1618 2418 ob
1645 2390 1731 2417 eam

250 2457 333 2484 rem
360 2457 431 2495 pro
459 2445 654 2484 indefinito
674 2445 993 2493 interrogativum
1011 2443 1045 2482 τί
1070 2448 1290 2493 posuerunt,
1320 2444 1576 2483 Leunclavius
1604 2446 1731 2482 autem

252 2511 434 2549 coniecit:
465 2509 597 2548 τοιάδε.
653 2510 699 2548 In
726 2513 887 2556 utraque
907 2510 1071 2548 lectione
1096 2510 1216 2557 igitur
1244 2520 1329 2548 cum
1356 2509 1448 2546 mihi
1474 2508 1559 2547 sani
1586 2507 1732 2554 aliquid

250 2574 376 2613 inesse
404 2574 595 2621 videatur,
623 2574 753 2622 legere
781 2574 910 2612 velim:
941 2575 1025 2611 ποῖα
1053 2572 1107 2617 οὔ,
1137 2584 1233 2620 quae
1260 2573 1446 2612 vocabula
1464 2576 1553 2610 ante
1581 2586 1730 2621 πεποιητ

251 2638 354 2681 κότες
381 2639 495 2678 facile
524 2638 650 2677 omitti
677 2641 897 2686 potuerunt.
943 2637 1025 2676 Nec
1051 2648 1142 2676 vero
1170 2637 1396 2676 vocabulum
1420 2651 1454 2674 τι
1480 2635 1730 2675 omittendum

250 2707 354 2752 puto,
385 2703 486 2750 quod
506 2703 650 2751 optime
671 2702 721 2740 ad
740 2704 915 2753 κρατῆσαι
933 2701 1111 2740 convenit
1137 2700 1375 2750 (priusquam
1393 2701 1511 2739 ullam
1529 2700 1731 2739 victoriam

250 2767 511 2816 pepererunt),
540 2770 584 2805 ut
612 2769 743 2805 textus
770 2767 842 2804 hoc
869 2765 980 2803 modo
1002 2765 1272 2804 constituatur:
1303 2764 1335 2803 οἱ
1360 2764 1420 2803 καὶ
1447 2762 1528 2816 πρὶν
1556 2763 1734 2815 κρατῆσαί
