2039 3254
893 349 1182 390 -16--

298 473 418 511 Α61111
446 476 486 511 61
512 473 666 512 Pisonis
695 476 734 512 et
761 474 1008 514 brevissimus
1037 478 1175 515 esset“.
1232 477 1308 515 His
1335 476 1462 516 verbis
1489 477 1670 515 assentiri
1697 488 1774 516 non

297 548 450 584 possum
478 538 538 575 his
567 537 612 575 de
642 538 778 576 causis.
824 539 954 576 Minus
982 544 1161 578 accurate
1190 541 1389 579 Reimarus
1426 540 1536 584 dicit,
1581 541 1771 589 capitibus

299 601 347 638 37
377 600 469 639 libri
498 602 573 648 36.,
602 602 635 640 si
664 612 687 640 a
713 601 840 641 verbis
869 602 959 645 λέξω
990 603 1029 640 δὲ
1058 604 1206 642 demum
1234 606 1429 652 inciperet,
1458 605 1521 642 vix
1541 605 1645 643 ultra
1663 605 1774 643 unius

297 664 386 702 anni
427 676 490 703 res
530 669 660 712 gestas
702 666 901 706 contineri.
956 667 1077 706 Immo
1115 680 1208 707 vero
1244 669 1510 717 complectitur
1537 669 1658 707 maior
1684 680 1776 717 pars

298 729 451 767 illorum
482 730 530 768 37
560 730 727 778 capitum
756 731 902 779 (capita
931 732 978 770 21
1011 735 1050 770 et
1078 732 1291 783 dimidium)
1319 745 1381 773 res
1400 744 1497 772 anno
1528 734 1602 772 687
1631 737 1773 781 gestas,

298 794 422 832 minor
450 797 579 832 autem
607 794 756 843 (capita
788 797 835 833 15
866 799 905 833 61
934 796 1151 845 dimidium)
1182 808 1310 836 omnes
1338 809 1399 837 res
1418 810 1515 836 anno
1538 799 1612 836 688
1632 801 1774 845 gestas.

299 857 411 907 Quod
440 858 473 897 si
501 859 682 898 Reimaro
709 859 803 899 haec
837 861 883 898 37
916 861 1044 910 capita
1071 862 1120 900 ad
1148 862 1373 910 explendum
1400 863 1538 901 librum
1565 874 1641 901 non
1668 861 1778 901 suffi-

299 923 416 966 ciunt,
447 928 590 970 augeat
616 934 816 961 numerum
843 925 944 962 hunc
974 925 1147 963 addendo
1176 937 1333 964 numero
1353 937 1483 964 eorum
1502 927 1682 975 capitum,
1711 926 1776 973 qui

301 990 388 1025 ante
418 986 509 1030 λέξω
540 987 579 1025 δὲ
608 988 747 1027 omissa
766 1000 849 1027 esse
867 990 997 1037 putari
1016 993 1185 1037 possunt.
1233 989 1328 1028 Cum
1347 990 1547 1029 Reimarus
1566 991 1647 1038 ipse
1672 990 1778 1028 dicat

300 1052 340 1089 in
367 1062 443 1089 uno
473 1056 512 1091 et
540 1052 675 1100 viginti
704 1053 894 1100 capitibus
920 1054 1071 1092 nonnisi
1107 1057 1342 1101 „extremum
1371 1057 1520 1103 tempus
1556 1054 1777 1093 consulatus

302 1116 422 1155 Acilii
451 1120 491 1155 et
509 1117 685 1156 Pisonis“
715 1118 945 1165 descriptum
975 1129 1067 1163 esse,
1098 1129 1145 1156 ex
1173 1118 1253 1156 eius
1272 1119 1462 1157 sententia
1481 1118 1779 1156 concludendum

302 1184 361 1218 est
388 1191 463 1218 non
491 1192 651 1228 parvum
679 1192 875 1219 numerum
905 1182 1072 1229 capitum
1097 1182 1304 1228 evanuisse,
1335 1185 1390 1227 ut,
1420 1182 1547 1219 sinon
1566 1182 1649 1229 plus
1668 1181 1776 1228 quin-

302 1245 423 1283 decim
453 1245 583 1291 capita
611 1245 661 1282 ad
689 1245 756 1282 illa
787 1246 837 1282 37
866 1245 1063 1292 addemus,
1101 1246 1377 1293 quinquaginta
1410 1246 1567 1284 duorum
1602 1255 1778 1283 numerus

300 1310 546 1356 compleatur,
577 1320 687 1356 quem
718 1309 872 1356 plurimi
900 1310 991 1347 libri
1019 1320 1092 1347 non
1121 1310 1321 1348 excedunt.
1377 1311 1503 1356 Atque
1522 1310 1617 1348 adeo
1637 1313 1776 1354 metuo,

300 1384 347 1412 ne
376 1373 517 1412 additis
544 1373 594 1411 ad
622 1374 717 1412 haec
746 1374 796 1411 52
826 1374 955 1422 capita
988 1375 1034 1412 18
1070 1373 1272 1422 fragmenti
1306 1373 1368 1413 καὶ
1404 1373 1457 1412 ὅτι
1491 1374 1561 1425 ἰσχ.
1596 1374 1778 1412 maiorem

300 1448 413 1484 quam
440 1449 511 1485 pro
540 1438 804 1485 magnitudine
832 1438 945 1475 unius
972 1438 1062 1475 libri
1091 1439 1257 1486 capitum
1277 1449 1474 1476 numerum
1493 1447 1777 1483 consequamur.

300 1503 382 1541 Nec
409 1502 529 1550 magis
557 1502 651 1540 mihi
679 1502 865 1550 probatur
893 1502 1083 1541 sententia
1113 1502 1253 1548 Grosii‚
1283 1503 1347 1549 qui
1374 1514 1436 1541 res
1464 1503 1533 1540 1110
1563 1502 1779 1548 fragmento

307 1570 506 1604 enarratas
547 1566 705 1612 reliquis
745 1566 836 1604 libri
879 1567 939 1604 36.
984 1566 1173 1614 capitibus
1213 1568 1351 1604 lacuna
1391 1577 1511 1614 parva
1554 1565 1782 1612 interposita

301 1631 423 1669 artius
466 1631 688 1669 coniunctas
729 1642 811 1670 esse
855 1634 985 1679 putat,
1029 1642 1140 1677 quam
1175 1635 1218 1669 ut
1252 1631 1320 1669 alii
1347 1631 1445 1668 libro
1475 1630 1593 1668 tribui
1621 1630 1777 1678 possint.

300 1696 342 1733 Si
371 1695 470 1733 enim
505 1695 624 1732 libros
661 1697 725 1733 41.
762 1698 800 1732 61
828 1697 889 1732 42.
930 1694 1182 1741 conferemus,
1225 1695 1285 1732 his
1326 1694 1539 1731 videbimus
1579 1704 1653 1730 non
1693 1694 1780 1739 plus

299 1758 415 1797 trium
457 1769 642 1797 annorum
683 1769 746 1796 res
789 1758 1001 1807 descriptas
1039 1768 1122 1796 esse
1149 1759 1216 1803 ita,
1252 1761 1295 1796 ut
1322 1758 1421 1796 liber
1448 1759 1495 1795 41
1527 1757 1651 1795 medio
1680 1768 1779 1795 anno

301 1824 405 1861 urbis
435 1824 511 1861 706
548 1822 699 1861 desinat
740 1826 780 1860 et
821 1823 921 1860 liber
961 1823 1163 1869 insequens
1204 1823 1458 1868 interruptam
1500 1822 1780 1860 enarrationem

304 1887 499 1927 continuet
539 1887 646 1925 nulla
685 1887 822 1926 lacuna
867 1887 1107 1935 interposita.
1178 1887 1312 1934 Neque
1353 1887 1461 1925 illam
1507 1897 1581 1933 qua
1624 1885 1782 1924 Grosius

302 1952 440 1990 nititur
467 1953 681 1990 iuncturam
708 1956 787 1990 tam
817 1956 943 1990 artam
971 1956 1085 2000 puto,
1122 1963 1206 1989 611111
1241 1953 1340 1989 111161·
1376 1951 1474 1989 bella
1503 1962 1527 1988 a
1554 1950 1713 1988 Lucullo
1743 1954 1783 1987 61

305 2028 329 2055 a
356 2016 540 2065 Pompeio
578 2020 713 2055 contra
747 2016 1015 2055 Mithridatem
1048 2019 1160 2064 gesta
1193 2016 1305 2054 huius
1339 2016 1439 2054 bello
1474 2015 1637 2063 piratico
1679 2013 1782 2052 facta

306 2084 521 2119 narrentur.
578 2081 756 2126 Quamvis
798 2081 921 2127 magni
963 2081 1084 2127 igitur
1125 2081 1394 2117 auctoritatem
1429 2080 1581 2116 illorum
1613 2073 1782 2115 virorum

307 2143 613 2182 doctissimorum
640 2142 791 2186 faciam,
822 2146 950 2181 tamen
977 2154 1036 2181 me
1055 2153 1277 2191 permovere
1297 2153 1371 2180 non
1390 2145 1559 2190 possunt,
1589 2145 1633 2179 ut
1651 2141 1691 2179 in
1709 2141 1782 2178 hac

307 2219 348 2246 re
377 2220 401 2245 a
428 2208 618 2246 sententia
646 2208 728 2244 eius
756 2208 909 2251 abeam,
935 2208 999 2252 qui
1026 2208 1094 2243 illa
1121 2217 1217 2252 quae
1247 2207 1326 2243 dixi
1346 2208 1466 2244 verba
1484 2206 1605 2243 codici
1624 2205 1782 2243 Roberti

306 2272 568 2319 praescripsit.

412 2337 495 2374 Iam
524 2336 619 2373 mihi
647 2335 838 2382 agendum
867 2338 925 2372 est
954 2335 1000 2371 de
1029 2334 1236 2380 fragmenti
1264 2333 1421 2382 φείδεται
1441 2335 1517 2370 κτλ.
1547 2333 1642 2376 1060,
1671 2342 1781 2377 quem

306 2401 479 2439 nonnulli
507 2400 676 2439 editores
706 2411 753 2438 ex
782 2399 1014 2438 auctoritate
1042 2397 1234 2446 Xiphilini
1261 2399 1518 2436 mutaverunt.
1563 2394 1784 2441 Videamus,

305 2476 402 2512 quae
431 2466 602 2504 rationes
630 2464 850 2503 auctoritati
879 2464 992 2501 huius
1021 2463 1184 2501 obstent.
1240 2461 1374 2508 Magni
1401 2460 1495 2497 mihi
1519 2459 1569 2498 ad
1586 2459 1684 2496 hanc
1703 2469 1785 2496 rem

305 2530 487 2568 momenti
515 2539 598 2567 esse
629 2529 792 2575 videtur,
827 2527 927 2576 quod
957 2537 1086 2566 omnes
1114 2526 1163 2564 ad
1191 2536 1306 2563 unum
1335 2524 1500 2570 codices,
1535 2523 1601 2569 qui
1634 2522 1784 2568 quidem

305 2595 399 2632 haec
432 2594 654 2641 fragmenta
687 2593 904 2635 continent,
948 2592 1206 2639 fragmentum
1248 2588 1404 2639 φείδεται
1436 2590 1525 2635 post
1557 2586 1695 2633 fragm.
1725 2584 1785 2623 καὶ

306 2658 360 2697 ὅτι
387 2658 458 2709 ἰσχ.
487 2662 643 2706 ponunt.
699 2657 850 2695 Deinde
877 2667 1002 2694 nonne
1032 2665 1088 2702 ea,
1128 2665 1222 2701 quae
1249 2653 1360 2691 initio
1388 2651 1597 2698 fragmenti
1625 2649 1715 2692 λέξω
1745 2649 1783 2686 δὲ

304 2722 376 2772 ἤδη
406 2726 480 2760 616.
509 2724 718 2759 narrantur
747 2721 795 2770 (c.
818 2721 869 2757 20
888 2719 1021 2768 Bkk.),
1051 2718 1246 2766 pertinent
1264 2717 1314 2755 ad
1333 2719 1506 2754 extrema
1531 2715 1649 2752 verba
1676 2713 1783 2760 frag-

307 2787 425 2827 menti
453 2787 704 2838 φείδεται-Ε)
759 2785 855 2823 Mihi
884 2784 1034 2831 quidem
1063 2785 1261 2821 contextus
1289 2782 1424 2820 horum
1443 2776 1784 2827 17611101’11111(ὁγὰρ
