2039 3254
882 325 1146 365 —2-

274 452 335 489 0111
368 452 574 490 editionem
603 452 816 500 principem
845 452 1033 490 Graecam
1061 451 1199 489 Dionis
1233 451 1430 495 debemus,
1474 453 1520 490 de
1547 453 1756 491 Leoniceni

275 517 448 555 versione
477 516 589 563 dicit,
625 527 710 555 cum
739 527 787 555 ex
814 516 932 563 ipsius
960 515 1123 555 Roberti
1152 515 1471 562 castigationibus
1498 528 1574 555 non
1602 517 1755 555 dubium

273 581 335 627 sit,
367 581 459 627 quin
486 581 556 618 illa
582 581 708 619 versio
727 581 767 618 in
787 581 869 618 eius
888 580 1060 618 manibus
1079 580 1213 624 fuerin
1243 579 1339 617 dicit
1357 580 1469 625 enim,
1497 580 1755 619 Leonicenum

274 644 352 682 alio
382 655 427 682 ac
455 655 496 682 se
526 644 655 683 codice
692 655 800 683 usum
835 655 928 683 esse.
983 644 1057 682 Sed
1084 644 1295 681 Robertum
1330 643 1456 681 obiter
1483 647 1633 682 tantum
1659 645 1756 683 hanc

274 707 489 745 versionem
516 708 725 755 inspexisse
755 709 832 746 iam
857 707 1061 746 Reimarus
1089 707 1278 754 cognovit.
1326 707 1434 753 Quod
1462 706 1575 745 facile
1603 708 1755 746 demon-

273 771 393 808 strari
421 772 578 817 poterit,
610 772 642 808 si
661 771 826 817 primum
847 782 912 809 eos
930 772 1045 818 locos,
1078 782 1237 817 quorum
1257 771 1296 808 in
1314 770 1480 808 lectione
1498 771 1756 809 Leonicenum

272 845 295 871 a
322 844 363 872 se
391 833 612 881 discrepare
641 833 838 872 Robertus
868 834 981 881 dicit,
1018 834 1155 873 deinde
1188 834 1386 872 nonnullos
1419 834 1514 872 alios
1543 834 1757 882 perlustra-

269 899 404 935 bimus.

381 960 534 999 Primus
575 961 710 999 horum
752 962 923 1000 locorum
958 966 1017 1001 est
1049 962 1089 1000 in
1117 962 1208 1001 libri
1238 964 1286 1001 39
1315 974 1345 1001 c.
1377 964 1439 1009 34,
1481 962 1546 1001 ubi
1587 962 1757 1001 codices:

273 1025 351 1075 πρὶν
381 1025 497 1062 ὁτιοῦν
518 1028 590 1063 τῶν
611 1025 863 1074 ἑωνουμένων,
893 1027 994 1072 quod
1015 1027 1264 1074 depravatum
1283 1031 1353 1065 est.
1399 1028 1637 1066 Leonicenus
1660 1028 1759 1065 1111110

272 1089 399 1126 10011111
427 1089 483 1126 ita
516 1089 660 1127 reddit:
709 1090 865 1134 „avanti
902 1090 972 1127 che
1015 1090 1160 1128 dicesse
1202 1091 1330 1128 niente
1365 1091 1405 1128 di
1437 1091 1563 1136 quello
1598 1091 1654 1128 ch'
1691 1102 1759 1128 era

274 1153 531 1190 necessario“.
579 1153 761 1191 Editores
780 1153 868 1191 111110
886 1154 969 1191 1000
990 1153 1059 1191 alii
1077 1153 1190 1191 aliter
1208 1154 1353 1192 mederi
1371 1154 1543 1197 student;
1571 1155 1759 1193 Leuncla-

272 1215 413 1265 vius¹)‚
456 1217 528 1253 τῶν
559 1215 707 1254 εἰκότων
742 1216 871 1265 λέγειν,
915 1215 1055 1264 Pflugk
1093 1217 1394 1265 (emendationes
1428 1217 1477 1255 ad
1504 1217 1551 1255 D.
1583 1217 1624 1256 G.
1653 1218 1760 1256 Zeit-

272 1275 411 1317 schrift
430 1280 495 1318 fiir
509 1280 990 1319 Altertumswissenschaft
1008 1292 1083 1320 von
1098 1279 1230 1327 Bergk
1249 1281 1281 1319 δι
1296 1281 1448 1325 Caesar,
1469 1280 1602 1320 Cassel
1619 1282 1758 1331 1846)z

274 1346 347 1381 τῶν
368 1342 575 1394 Τρεβωνίου
596 1344 718 1394 νόμων
738 1346 800 1384 vel
819 1348 890 1383 τῶν
911 1344 1250 1395 καινοτομουμένων
1266 1344 1482 1396 μεμνῆσθαι,
1502 1345 1554 1383 Η.
1571 1346 1606 1385 J.
1623 1346 1761 1385 Heller

277 1408 520 1456 (Philologus
544 1410 658 1453 1864,
683 1410 777 1458 149)
804 1412 876 1447 τῶν
896 1409 1160 1460 προςκειμένων
1181 1409 1299 1457 εἰπεῖν,
1321 1409 1528 1459 Bekker2),
1550 1409 1759 1460 Grosius³)‚

274 1472 540 1520 Dindorfius⁴)
576 1472 657 1523 πρὶν
687 1473 746 1512 καὶ
774 1474 889 1512 ὁτιοῦν
924 1477 996 1511 τῶν
1026 1473 1237 1523 ἐπειγόντων
1267 1472 1385 1512 εἰπεῖν.
1441 1474 1537 1511 Mihi
1567 1475 1762 1513 coniectu-

274 1546 403 1573 rarum
440 1536 670 1574 Leunclavii
704 1540 743 1574 et
775 1537 951 1575 Bekkeri
991 1541 1122 1585 partes
1164 1538 1447 1584 coniungendae
1488 1537 1676 1581 videntur,
1719 1541 1762 1575 ut

274 1600 419 1647 legam:
458 1602 530 1637 τῶν
561 1600 711 1638 εἰκότων
742 1600 861 1645 εἰπεῖν,
898 1602 1000 1647 quod
1029 1601 1136 1639 εἰπεῖν
1165 1606 1252 1649 post
1280 1601 1429 1640 εἰκότων
1464 1605 1622 1649 propter
1649 1612 1763 1649 pares

275 1664 380 1702 initii
407 1663 543 1702 literas
570 1662 685 1702 facile
725 1664 851 1702 omitti
885 1665 1011 1712 potuit
1046 1669 1086 1703 et
1112 1665 1213 1712 quod
1241 1664 1451 1715 ἐπειγόντων
1481 1664 1587 1703 εἰπεῖν
1615 1666 1763 1714 longius

276 1728 442 1774 spatium
473 1738 587 1774 quam
615 1739 685 1775 pro
715 1728 954 1777 ἑωνουμένων
984 1739 1168 1776 occupare
1195 1730 1290 1767 mihi
1307 1730 1473 1768 videtur.
1520 1730 1615 1768 Cum
1634 1733 1763 1768 autem

276 1802 404 1830 omnes
434 1792 676 1830 coniecturae
707 1792 870 1830 eundem
899 1791 980 1830 fere
1001 1803 1150 1831 sensum
1172 1794 1391 1842 praebeant,
1424 1804 1520 1839 eum,
1550 1794 1615 1841 qui
1643 1793 1764 1842 ipsius

275 1856 486 1905 Leoniceni
506 1856 684 1894 versione
705 1857 946 1903 exprimitur,
975 1867 1051 1894 non
1070 1857 1180 1894 video
1201 1868 1269 1894 cur
1287 1858 1360 1896 1100
1387 1858 1472 1895 1000
1492 1859 1580 1896 111110
1599 1858 1763 1896 versioni

279 1920 375 1957 alius
406 1919 525 1957 codex
553 1921 819 1967 supponendus
853 1920 914 1958 sit.

384 1983 473 2021 Non
506 1985 619 2021 alit-er
655 1995 717 2021 res
751 1995 791 2021 se
825 1985 965 2021 habere
1000 1984 1151 2036 videtur
1179 1985 1216 2021 in
1246 1984 1336 2021 libri
1364 1985 1416 2021 40
1445 1996 1476 2022 0.
1506 1986 1570 2030 41,
1604 1986 1670 2022 ubi
1698 1995 1762 2022 00-

279 2047 400 2085 dices:
445 2046 566 2084 πεσὼν
596 2047 635 2084 δὲ
664 2046 700 2088 ἐς
728 2047 768 2085 τὸ
796 2046 880 2095 γόνυ
908 2047 960 2085 τώ
995 2061 1034 2085 τε
1063 2049 1162 2098 χεῖρε
1196 2047 1364 2097 ποιήσας,
1401 2047 1500 2094 quod
1532 2049 1764 2087 recentiores

281 2111 452 2149 editores
487 2114 638 2149 mutant
670 2112 710 2148 in
738 2110 873 2152 πιέσας.
929 2111 1022 2149 Cum
1051 2111 1292 2149 Leonicenus
1333 2112 1434 2150 hunc
1473 2112 1597 2150 locum
1637 2116 1765 2151 vertat

284 2175 496 2220 „elevando
525 2175 561 2212 le
590 2176 730 2222 mani“,
768 2179 940 2222 apparet,
981 2186 1066 2213 eum
1103 2176 1252 2213 nonnisi
1281 2178 1431 2214 tentare
1459 2177 1763 2223 voluisse,.quo-

380 2299 406 2341 1)
435 2297 586 2340 „Dionis
615 2296 734 2332 Cassii
754 2296 945 2332 Cocceiani
971 2296 1146 2331 historiae
1170 2296 1356 2332 Romanae
1381 2297 1465 2332 libri
1481 2297 1603 2342 XLVI,
1628 2299 1766 2343 partim

281 2355 428 2399 integri,
455 2355 592 2400 partini
617 2354 750 2399 mutili,
777 2354 912 2399 partim
930 2354 1110 2399 excerpti:
1136 2354 1291 2389 ,Ioannis
1308 2355 1518 2391 Leunclavii
1543 2356 1663 2392 studio
1688 2354 1785 2392 tam⁴

283 2413 381 2449 aucti
408 2424 519 2459 quam
547 2413 699 2459 expoliti
725 2441 733 2450 .
761 2441 768 2449 .
797 2441 804 2448 .
832 2441 840 2449 .
867 2413 1056 2448 Hanoviae
1084 2414 1206 2449 1606.“

377 2473 406 2516 2)
436 2471 578 2516 „Cassii
603 2472 733 2507 Dionis
762 2471 954 2507 Cocceiani
979 2482 1102 2507 rerum
1127 2471 1373 2508 Romanarum
1398 2473 1483 2508 libri
1508 2474 1693 2518 octoginta
1719 2473 1765 2509 ab

282 2531 511 2567 Immanuele
538 2530 707 2567 Bckkero
733 2530 923 2575 recogniti.
973 2529 1120 2576 Lipsiae
1150 2532 1270 2567 1849.“

377 2590 408 2635 ³)
437 2590 625 2634 „Histoire
643 2589 822 2624 Romaine
849 2589 892 2624 de
908 2589 1005 2624 Dion
1024 2588 1171 2624 Cassius
1198 2616 1206 2625 .
1232 2618 1240 2626 .
1268 2617 1276 2626 .
1302 2590 1375 2625 Par
1392 2590 1433 2626 E.
1453 2590 1558 2626 Gros.
1597 2590 1766 2635 Ouvrage

282 2648 454 2684 continue
482 2659 550 2694 par
575 2648 615 2683 V.
642 2646 805 2684 Boissee.
856 2646 961 2682 Paris
991 2648 1252 2683 1845—1870f*

376 2709 405 2752 4)
434 2708 586 2751 „Dionis
612 2707 731 2743 Cassii
751 2706 945 2742 Cocceiani
970 2707 1122 2741 historia
1142 2707 1318 2743 Romana.
1361 2708 1452 2743 Cum
1470 2709 1766 2744 annotationibus

282 2766 456 2802 Ludovici
482 2765 674 2802 Dindorfii.
726 2765 874 2811 Lipsiae
904 2766 1165 2801 1863-1865.“
