<?xml version="1.0" encoding="UTF-8"?>
<!DOCTYPE html PUBLIC "-//W3C//DTD XHTML 1.0 Transitional//EN"
    "http://www.w3.org/TR/xhtml1/DTD/xhtml1-transitional.dtd">
<html xmlns="http://www.w3.org/1999/xhtml" xml:lang="en" lang="en">
 <head>
  <title>
</title>
<meta http-equiv="Content-Type" content="text/html;charset=utf-8" />
  <meta name='ocr-system' content='tesseract 3.04.00' />
  <meta name='ocr-capabilities' content='ocr_page ocr_carea ocr_par ocr_line ocrx_word'/>
</head>
<body>
  <div class='ocr_page' id='page_1' title='image "4628552_0011.png"; bbox 0 0 2039 3254; ppageno 0'>
   <div class='ocr_carea' id='block_1_1' title="bbox 489 862 1490 918">
    <p class='ocr_par' dir='ltr' id='par_1_1' title="bbox 489 862 1490 918">
     <span class='ocr_line' id='line_1_1' title="bbox 489 862 1490 918; baseline -0.002 -1"><span class='ocrx_word' id='word_1_1' title='bbox 489 863 886 918; x_wconf 79' lang='lat' dir='ltr'>Observationes</span> <span class='ocrx_word' id='word_1_2' title='bbox 921 863 976 916; x_wconf 91' lang='lat' dir='ltr'>in</span> <span class='ocrx_word' id='word_1_3' title='bbox 1012 862 1237 917; x_wconf 86' lang='lat' dir='ltr'>Cassium</span> <span class='ocrx_word' id='word_1_4' title='bbox 1272 862 1490 916; x_wconf 82' lang='lat' dir='ltr'><strong>Dionem.</strong></span> 
     </span>
    </p>
   </div>
   <div class='ocr_carea' id='block_1_2' title="bbox 249 1081 1728 2274">
    <p class='ocr_par' dir='ltr' id='par_1_2' title="bbox 249 1081 1728 2207">
     <span class='ocr_line' id='line_1_2' title="bbox 360 1081 1728 1128; baseline 0.001 -9"><span class='ocrx_word' id='word_1_5' title='bbox 360 1084 464 1128; x_wconf 82' lang='lat' dir='ltr'>Quae</span> <span class='ocrx_word' id='word_1_6' title='bbox 494 1093 541 1119; x_wconf 83' lang='lat' dir='ltr'>ex</span> <span class='ocrx_word' id='word_1_7' title='bbox 570 1082 690 1120; x_wconf 85' lang='lat' dir='ltr'>Cassii</span> <span class='ocrx_word' id='word_1_8' title='bbox 719 1083 854 1120; x_wconf 91' lang='lat' dir='ltr'>Dionis</span> <span class='ocrx_word' id='word_1_9' title='bbox 882 1093 1006 1120; x_wconf 90' lang='lat' dir='ltr'>rerum</span> <span class='ocrx_word' id='word_1_10' title='bbox 1032 1081 1293 1119; x_wconf 87' lang='lat' dir='ltr'>Romanarum</span> <span class='ocrx_word' id='word_1_11' title='bbox 1319 1082 1428 1118; x_wconf 89' lang='lat' dir='ltr'>libris</span> <span class='ocrx_word' id='word_1_12' title='bbox 1458 1083 1653 1128; x_wconf 87' lang='lat' dir='ltr'>octoginta</span> <span class='ocrx_word' id='word_1_13' title='bbox 1680 1084 1728 1120; x_wconf 87' lang='lat' dir='ltr'>ad</span> 
     </span>
     <span class='ocr_line' id='line_1_3' title="bbox 252 1144 1728 1194; baseline -0.001 -9"><span class='ocrx_word' id='word_1_14' title='bbox 252 1149 352 1185; x_wconf 91' lang='lat' dir='ltr'>hunc</span> <span class='ocrx_word' id='word_1_15' title='bbox 379 1146 478 1184; x_wconf 89' lang='lat' dir='ltr'>diem</span> <span class='ocrx_word' id='word_1_16' title='bbox 506 1149 806 1194; x_wconf 86' lang='lat' dir='ltr'>permanserunt,</span> <span class='ocrx_word' id='word_1_17' title='bbox 837 1156 884 1183; x_wconf 83' lang='lat' dir='ltr'>ex</span> <span class='ocrx_word' id='word_1_18' title='bbox 911 1145 1041 1183; x_wconf 88' lang='lat' dir='ltr'>multis</span> <span class='ocrx_word' id='word_1_19' title='bbox 1060 1144 1265 1183; x_wconf 89' lang='lat' dir='ltr'>maioribus</span> <span class='ocrx_word' id='word_1_20' title='bbox 1283 1144 1537 1183; x_wconf 85' lang='lat' dir='ltr'>minoribusve</span> <span class='ocrx_word' id='word_1_21' title='bbox 1555 1145 1728 1193; x_wconf 86' lang='lat' dir='ltr'>partibus</span> 
     </span>
     <span class='ocr_line' id='line_1_4' title="bbox 253 1209 1727 1258; baseline -0.001 -10"><span class='ocrx_word' id='word_1_22' title='bbox 253 1214 340 1249; x_wconf 87' lang='lat' dir='ltr'>sunt</span> <span class='ocrx_word' id='word_1_23' title='bbox 370 1210 590 1258; x_wconf 87' lang='lat' dir='ltr'>composita,</span> <span class='ocrx_word' id='word_1_24' title='bbox 621 1220 695 1247; x_wconf 91' lang='lat' dir='ltr'>non</span> <span class='ocrx_word' id='word_1_25' title='bbox 723 1210 854 1247; x_wconf 79' lang='lat' dir='ltr'>eodem</span> <span class='ocrx_word' id='word_1_26' title='bbox 874 1213 1012 1247; x_wconf 88' lang='lat' dir='ltr'>cuncta</span> <span class='ocrx_word' id='word_1_27' title='bbox 1040 1209 1112 1256; x_wconf 85' lang='lat' dir='ltr'>die,</span> <span class='ocrx_word' id='word_1_28' title='bbox 1143 1209 1210 1246; x_wconf 85' lang='lat' dir='ltr'>sed</span> <span class='ocrx_word' id='word_1_29' title='bbox 1235 1209 1394 1246; x_wconf 86' lang='lat' dir='ltr'>disiecta</span> <span class='ocrx_word' id='word_1_30' title='bbox 1412 1209 1531 1247; x_wconf 91' lang='lat' dir='ltr'>variis</span> <span class='ocrx_word' id='word_1_31' title='bbox 1550 1210 1727 1256; x_wconf 88' lang='lat' dir='ltr'>tempori-</span> 
     </span>
     <span class='ocr_line' id='line_1_5' title="bbox 252 1272 1726 1320; baseline -0.001 -8"><span class='ocrx_word' id='word_1_32' title='bbox 252 1275 322 1312; x_wconf 89' lang='lat' dir='ltr'>bus</span> <span class='ocrx_word' id='word_1_33' title='bbox 349 1274 470 1320; x_wconf 83' lang='lat' dir='ltr'>iisque</span> <span class='ocrx_word' id='word_1_34' title='bbox 498 1273 644 1320; x_wconf 87' lang='lat' dir='ltr'>magnis</span> <span class='ocrx_word' id='word_1_35' title='bbox 677 1273 778 1310; x_wconf 91' lang='lat' dir='ltr'>inter</span> <span class='ocrx_word' id='word_1_36' title='bbox 812 1284 852 1310; x_wconf 89' lang='lat' dir='ltr'>se</span> <span class='ocrx_word' id='word_1_37' title='bbox 884 1273 1096 1311; x_wconf 88' lang='lat' dir='ltr'>intervallis</span> <span class='ocrx_word' id='word_1_38' title='bbox 1128 1272 1308 1310; x_wconf 87' lang='lat' dir='ltr'>seiunctis</span> <span class='ocrx_word' id='word_1_39' title='bbox 1340 1272 1505 1310; x_wconf 88' lang='lat' dir='ltr'>inventa.</span> <span class='ocrx_word' id='word_1_40' title='bbox 1562 1273 1726 1319; x_wconf 81' lang='lat' dir='ltr'>Quarum</span> 
     </span>
     <span class='ocr_line' id='line_1_6' title="bbox 252 1336 1725 1385; baseline 0 -11"><span class='ocrx_word' id='word_1_41' title='bbox 252 1338 419 1385; x_wconf 86' lang='lat' dir='ltr'>partium</span> <span class='ocrx_word' id='word_1_42' title='bbox 448 1337 597 1382; x_wconf 83' lang='lat' dir='ltr'>quando</span> <span class='ocrx_word' id='word_1_43' title='bbox 626 1336 750 1383; x_wconf 84' lang='lat' dir='ltr'>prima</span> <span class='ocrx_word' id='word_1_44' title='bbox 777 1337 815 1373; x_wconf 91' lang='lat' dir='ltr'>in</span> <span class='ocrx_word' id='word_1_45' title='bbox 843 1347 977 1373; x_wconf 89' lang='lat' dir='ltr'>manus</span> <span class='ocrx_word' id='word_1_46' title='bbox 1003 1336 1283 1383; x_wconf 85' lang='lat' dir='ltr'>philologorum</span> <span class='ocrx_word' id='word_1_47' title='bbox 1311 1336 1539 1383; x_wconf 88' lang='lat' dir='ltr'>pervenerit,</span> <span class='ocrx_word' id='word_1_48' title='bbox 1573 1337 1725 1374; x_wconf 87' lang='lat' dir='ltr'>minime</span> 
     </span>
     <span class='ocr_line' id='line_1_7' title="bbox 252 1399 1724 1450; baseline -0.001 -12"><span class='ocrx_word' id='word_1_49' title='bbox 252 1400 392 1450; x_wconf 80' lang='lat' dir='ltr'>liquet3</span> <span class='ocrx_word' id='word_1_50' title='bbox 435 1403 692 1437; x_wconf 79' lang='lat' dir='ltr'>verumtamen</span> <span class='ocrx_word' id='word_1_51' title='bbox 733 1399 940 1437; x_wconf 90' lang='lat' dir='ltr'>verisimile</span> <span class='ocrx_word' id='word_1_52' title='bbox 981 1402 1101 1446; x_wconf 89' lang='lat' dir='ltr'>putes,</span> <span class='ocrx_word' id='word_1_53' title='bbox 1146 1399 1217 1436; x_wconf 88' lang='lat' dir='ltr'>hoc</span> <span class='ocrx_word' id='word_1_54' title='bbox 1251 1399 1378 1436; x_wconf 91' lang='lat' dir='ltr'>seculo</span> <span class='ocrx_word' id='word_1_55' title='bbox 1413 1399 1544 1443; x_wconf 89' lang='lat' dir='ltr'>quinto</span> <span class='ocrx_word' id='word_1_56' title='bbox 1579 1399 1724 1436; x_wconf 87' lang='lat' dir='ltr'>decimo</span> 
     </span>
     <span class='ocr_line' id='line_1_8' title="bbox 253 1461 1725 1510; baseline -0.001 -9"><span class='ocrx_word' id='word_1_57' title='bbox 253 1464 395 1502; x_wconf 83' lang='lat' dir='ltr'>factum</span> <span class='ocrx_word' id='word_1_58' title='bbox 424 1474 522 1510; x_wconf 87' lang='lat' dir='ltr'>esse,</span> <span class='ocrx_word' id='word_1_59' title='bbox 567 1473 638 1508; x_wconf 92' lang='lat' dir='ltr'>quo</span> <span class='ocrx_word' id='word_1_60' title='bbox 666 1462 850 1510; x_wconf 85' lang='lat' dir='ltr'>Aurispa‚</span> <span class='ocrx_word' id='word_1_61' title='bbox 894 1463 1115 1508; x_wconf 89' lang='lat' dir='ltr'>Bessarion‚</span> <span class='ocrx_word' id='word_1_62' title='bbox 1161 1461 1344 1509; x_wconf 86' lang='lat' dir='ltr'>Cyriacus</span> <span class='ocrx_word' id='word_1_63' title='bbox 1378 1462 1520 1508; x_wconf 86' lang='lat' dir='ltr'>aliique</span> <span class='ocrx_word' id='word_1_64' title='bbox 1554 1462 1725 1500; x_wconf 88' lang='lat' dir='ltr'>homines</span> 
     </span>
     <span class='ocr_line' id='line_1_9' title="bbox 253 1525 1724 1574; baseline -0.001 -9"><span class='ocrx_word' id='word_1_65' title='bbox 253 1527 354 1565; x_wconf 88' lang='lat' dir='ltr'>docti</span> <span class='ocrx_word' id='word_1_66' title='bbox 373 1526 594 1574; x_wconf 87' lang='lat' dir='ltr'>colligendis</span> <span class='ocrx_word' id='word_1_67' title='bbox 613 1525 840 1573; x_wconf 82' lang='lat' dir='ltr'>scriptorum</span> <span class='ocrx_word' id='word_1_68' title='bbox 859 1529 1030 1564; x_wconf 88' lang='lat' dir='ltr'>veterum</span> <span class='ocrx_word' id='word_1_69' title='bbox 1050 1525 1241 1563; x_wconf 90' lang='lat' dir='ltr'>codicibus</span> <span class='ocrx_word' id='word_1_70' title='bbox 1261 1525 1529 1572; x_wconf 80' lang='lat' dir='ltr'>manuscriptis</span> <span class='ocrx_word' id='word_1_71' title='bbox 1548 1536 1724 1573; x_wconf 85' lang='lat' dir='ltr'>magnam</span> 
     </span>
     <span class='ocr_line' id='line_1_10' title="bbox 251 1589 1725 1637; baseline -0.001 -10"><span class='ocrx_word' id='word_1_72' title='bbox 251 1601 371 1637; x_wconf 84' lang='lat' dir='ltr'>neque</span> <span class='ocrx_word' id='word_1_73' title='bbox 399 1590 548 1627; x_wconf 87' lang='lat' dir='ltr'>irritam</span> <span class='ocrx_word' id='word_1_74' title='bbox 577 1600 731 1635; x_wconf 86' lang='lat' dir='ltr'>operam</span> <span class='ocrx_word' id='word_1_75' title='bbox 760 1589 954 1626; x_wconf 86' lang='lat' dir='ltr'>dederunt.</span> <span class='ocrx_word' id='word_1_76' title='bbox 1003 1589 1120 1626; x_wconf 89' lang='lat' dir='ltr'>Nobis</span> <span class='ocrx_word' id='word_1_77' title='bbox 1148 1599 1237 1626; x_wconf 89' lang='lat' dir='ltr'>vero</span> <span class='ocrx_word' id='word_1_78' title='bbox 1265 1589 1329 1634; x_wconf 89' lang='lat' dir='ltr'>qui</span> <span class='ocrx_word' id='word_1_79' title='bbox 1357 1589 1438 1626; x_wconf 87' lang='lat' dir='ltr'>noti</span> <span class='ocrx_word' id='word_1_80' title='bbox 1466 1592 1565 1635; x_wconf 86' lang='lat' dir='ltr'>sunt,</span> <span class='ocrx_word' id='word_1_81' title='bbox 1596 1600 1725 1627; x_wconf 90' lang='lat' dir='ltr'>eorum</span> 
     </span>
     <span class='ocr_line' id='line_1_11' title="bbox 250 1651 1727 1701; baseline -0.001 -10"><span class='ocrx_word' id='word_1_82' title='bbox 250 1654 414 1701; x_wconf 91' lang='lat' dir='ltr'>primum</span> <span class='ocrx_word' id='word_1_83' title='bbox 441 1653 679 1691; x_wconf 87' lang='lat' dir='ltr'>Leonicenus</span> <span class='ocrx_word' id='word_1_84' title='bbox 689 1652 720 1701; x_wconf 89' lang='lat'>¹)</span> <span class='ocrx_word' id='word_1_85' title='bbox 762 1653 880 1690; x_wconf 89' lang='lat' dir='ltr'>libros</span> <span class='ocrx_word' id='word_1_86' title='bbox 908 1651 1024 1690; x_wconf 91' lang='lat' dir='ltr'>XXV</span> <span class='ocrx_word' id='word_1_87' title='bbox 1064 1651 1103 1688; x_wconf 91' lang='lat' dir='ltr'>in</span> <span class='ocrx_word' id='word_1_88' title='bbox 1136 1651 1260 1689; x_wconf 86' lang='lat' dir='ltr'>lucem</span> <span class='ocrx_word' id='word_1_89' title='bbox 1301 1651 1466 1698; x_wconf 88' lang='lat' dir='ltr'>protulit</span> <span class='ocrx_word' id='word_1_90' title='bbox 1507 1662 1646 1698; x_wconf 87' lang='lat' dir='ltr'>eosque</span> <span class='ocrx_word' id='word_1_91' title='bbox 1680 1663 1727 1690; x_wconf 85' lang='lat' dir='ltr'>ex</span> 
     </span>
     <span class='ocr_line' id='line_1_12' title="bbox 251 1714 1727 1766; baseline -0.001 -11"><span class='ocrx_word' id='word_1_92' title='bbox 251 1717 403 1756; x_wconf 80' lang='lat' dir='ltr'>Graeca</span> <span class='ocrx_word' id='word_1_93' title='bbox 430 1717 467 1754; x_wconf 92' lang='lat' dir='ltr'>in</span> <span class='ocrx_word' id='word_1_94' title='bbox 487 1716 664 1754; x_wconf 84' lang='lat' dir='ltr'>Italicam</span> <span class='ocrx_word' id='word_1_95' title='bbox 692 1716 862 1766; x_wconf 81' lang='lat' dir='ltr'>linguam</span> <span class='ocrx_word' id='word_1_96' title='bbox 882 1715 1100 1753; x_wconf 87' lang='lat' dir='ltr'>translatos.</span> <span class='ocrx_word' id='word_1_97' title='bbox 1149 1714 1264 1752; x_wconf 87' lang='lat' dir='ltr'>Cuius</span> <span class='ocrx_word' id='word_1_98' title='bbox 1285 1714 1465 1752; x_wconf 84' lang='lat' dir='ltr'>editionis</span> <span class='ocrx_word' id='word_1_99' title='bbox 1493 1716 1727 1763; x_wconf 85' lang='lat' dir='ltr'>exemplaria</span> 
     </span>
     <span class='ocr_line' id='line_1_13' title="bbox 251 1777 1725 1827; baseline 0.001 -10"><span class='ocrx_word' id='word_1_100' title='bbox 251 1791 335 1817; x_wconf 91' lang='lat' dir='ltr'>cum</span> <span class='ocrx_word' id='word_1_101' title='bbox 369 1780 560 1827; x_wconf 82' lang='lat' dir='ltr'>Nicolai²)</span> <span class='ocrx_word' id='word_1_102' title='bbox 594 1781 682 1817; x_wconf 89' lang='lat' dir='ltr'>anni</span> <span class='ocrx_word' id='word_1_103' title='bbox 719 1780 831 1824; x_wconf 81' lang='grc'>1526,</span> <span class='ocrx_word' id='word_1_104' title='bbox 873 1777 1117 1826; x_wconf 80' lang='lat' dir='ltr'>Reimarus³)</span> <span class='ocrx_word' id='word_1_105' title='bbox 1156 1778 1246 1816; x_wconf 83' lang='lat' dir='ltr'>anni</span> <span class='ocrx_word' id='word_1_106' title='bbox 1285 1779 1386 1817; x_wconf 86' lang='lat'>1542</span> <span class='ocrx_word' id='word_1_107' title='bbox 1421 1784 1725 1827; x_wconf 81' lang='lat' dir='ltr'>commemorent,</span> 
     </span>
     <span class='ocr_line' id='line_1_14' title="bbox 250 1841 1727 1890; baseline 0.001 -10"><span class='ocrx_word' id='word_1_108' title='bbox 250 1843 344 1881; x_wconf 88' lang='lat' dir='ltr'>mihi</span> <span class='ocrx_word' id='word_1_109' title='bbox 371 1845 523 1890; x_wconf 83' lang='lat' dir='ltr'>praesto</span> <span class='ocrx_word' id='word_1_110' title='bbox 560 1847 617 1880; x_wconf 86' lang='lat' dir='ltr'>est</span> <span class='ocrx_word' id='word_1_111' title='bbox 645 1842 759 1889; x_wconf 92' lang='lat' dir='ltr'>aliud,</span> <span class='ocrx_word' id='word_1_112' title='bbox 803 1841 904 1888; x_wconf 84' lang='lat' dir='ltr'>quod</span> <span class='ocrx_word' id='word_1_113' title='bbox 930 1841 1106 1880; x_wconf 86' lang='lat' dir='ltr'>Venetiis</span> <span class='ocrx_word' id='word_1_114' title='bbox 1149 1852 1248 1879; x_wconf 91' lang='lat' dir='ltr'>anno</span> <span class='ocrx_word' id='word_1_115' title='bbox 1282 1842 1381 1880; x_wconf 86' lang='lat'>1533</span> <span class='ocrx_word' id='word_1_116' title='bbox 1423 1843 1570 1889; x_wconf 90' lang='lat' dir='ltr'>prelum</span> <span class='ocrx_word' id='word_1_117' title='bbox 1587 1872 1595 1879; x_wconf 91' lang='lat'><strong>.</strong></span> <span class='ocrx_word' id='word_1_118' title='bbox 1610 1843 1727 1881; x_wconf 86' lang='lat' dir='ltr'>subiit</span> 
     </span>
     <span class='ocr_line' id='line_1_15' title="bbox 254 1905 1727 1955; baseline 0.001 -11"><span class='ocrx_word' id='word_1_119' title='bbox 254 1917 393 1955; x_wconf 86' lang='lat' dir='ltr'>„opera</span> <span class='ocrx_word' id='word_1_120' title='bbox 420 1909 669 1944; x_wconf 88' lang='lat' dir='ltr'>nuovamente</span> <span class='ocrx_word' id='word_1_121' title='bbox 696 1908 838 1943; x_wconf 87' lang='lat' dir='ltr'>venuta</span> <span class='ocrx_word' id='word_1_122' title='bbox 871 1906 911 1943; x_wconf 91' lang='lat' dir='ltr'>in</span> <span class='ocrx_word' id='word_1_123' title='bbox 938 1906 1062 1945; x_wconf 85' lang='lat' dir='ltr'>luce“.</span> <span class='ocrx_word' id='word_1_124' title='bbox 1117 1905 1251 1952; x_wconf 89' lang='lat' dir='ltr'>Neque</span> <span class='ocrx_word' id='word_1_125' title='bbox 1284 1917 1376 1944; x_wconf 88' lang='lat' dir='ltr'>vero</span> <span class='ocrx_word' id='word_1_126' title='bbox 1412 1907 1475 1952; x_wconf 88' lang='lat' dir='ltr'>qui</span> <span class='ocrx_word' id='word_1_127' title='bbox 1502 1906 1590 1944; x_wconf 90' lang='lat' dir='ltr'>huic</span> <span class='ocrx_word' id='word_1_128' title='bbox 1618 1907 1727 1945; x_wconf 91' lang='lat' dir='ltr'>volu-</span> 
     </span>
     <span class='ocr_line' id='line_1_16' title="bbox 250 1968 1725 2016; baseline 0.001 -9"><span class='ocrx_word' id='word_1_129' title='bbox 250 1970 342 2007; x_wconf 90' lang='lat' dir='ltr'>mini</span> <span class='ocrx_word' id='word_1_130' title='bbox 380 1968 636 2016; x_wconf 82' lang='lat' dir='ltr'>praefationes</span> <span class='ocrx_word' id='word_1_131' title='bbox 677 1969 945 2015; x_wconf 80' lang='lat' dir='ltr'>praemittunt,</span> <span class='ocrx_word' id='word_1_132' title='bbox 984 1969 1190 2015; x_wconf 67' lang='lat' dir='ltr'>,quicquam</span> <span class='ocrx_word' id='word_1_133' title='bbox 1218 1969 1265 2006; x_wconf 87' lang='lat' dir='ltr'>de</span> <span class='ocrx_word' id='word_1_134' title='bbox 1293 1980 1337 2006; x_wconf 89' lang='lat' dir='ltr'>eo</span> <span class='ocrx_word' id='word_1_135' title='bbox 1367 1969 1496 2007; x_wconf 87' lang='lat' dir='ltr'>codice</span> <span class='ocrx_word' id='word_1_136' title='bbox 1525 1970 1725 2015; x_wconf 87' lang='lat' dir='ltr'>disserunt,</span> 
     </span>
     <span class='ocr_line' id='line_1_17' title="bbox 250 2031 1727 2080; baseline 0.001 -11"><span class='ocrx_word' id='word_1_137' title='bbox 250 2044 323 2079; x_wconf 87' lang='lat' dir='ltr'>quo</span> <span class='ocrx_word' id='word_1_138' title='bbox 350 2043 440 2070; x_wconf 89' lang='lat' dir='ltr'>usus</span> <span class='ocrx_word' id='word_1_139' title='bbox 468 2035 527 2070; x_wconf 90' lang='lat' dir='ltr'>est</span> <span class='ocrx_word' id='word_1_140' title='bbox 553 2032 812 2076; x_wconf 74' lang='lat' dir='ltr'>Leonicenus3</span> <span class='ocrx_word' id='word_1_141' title='bbox 841 2031 1085 2079; x_wconf 89' lang='lat' dir='ltr'>quamobrem</span> <span class='ocrx_word' id='word_1_142' title='bbox 1114 2043 1211 2079; x_wconf 82' lang='lat' dir='ltr'>quae</span> <span class='ocrx_word' id='word_1_143' title='bbox 1241 2033 1478 2080; x_wconf 82' lang='lat' dir='ltr'>comparanti</span> <span class='ocrx_word' id='word_1_144' title='bbox 1505 2034 1599 2071; x_wconf 89' lang='lat' dir='ltr'>mihi</span> <span class='ocrx_word' id='word_1_145' title='bbox 1624 2034 1727 2072; x_wconf 90' lang='lat' dir='ltr'>illius</span> 
     </span>
     <span class='ocr_line' id='line_1_18' title="bbox 249 2093 1726 2143; baseline 0.001 -11"><span class='ocrx_word' id='word_1_146' title='bbox 249 2095 460 2133; x_wconf 88' lang='lat' dir='ltr'>versionem</span> <span class='ocrx_word' id='word_1_147' title='bbox 490 2105 574 2133; x_wconf 89' lang='lat' dir='ltr'>cum</span> <span class='ocrx_word' id='word_1_148' title='bbox 604 2095 765 2133; x_wconf 92' lang='lat' dir='ltr'>aliorum</span> <span class='ocrx_word' id='word_1_149' title='bbox 794 2095 1025 2133; x_wconf 85' lang='lat' dir='ltr'>editionibus</span> <span class='ocrx_word' id='word_1_150' title='bbox 1057 2093 1320 2133; x_wconf 88' lang='lat' dir='ltr'>memorabilia</span> <span class='ocrx_word' id='word_1_151' title='bbox 1348 2099 1435 2133; x_wconf 90' lang='lat' dir='ltr'>sunt</span> <span class='ocrx_word' id='word_1_152' title='bbox 1462 2097 1560 2141; x_wconf 91' lang='lat' dir='ltr'>visa,</span> <span class='ocrx_word' id='word_1_153' title='bbox 1595 2097 1726 2143; x_wconf 87' lang='lat' dir='ltr'>paucis</span> 
     </span>
     <span class='ocr_line' id='line_1_19' title="bbox 249 2159 715 2207; baseline 0.004 -11"><span class='ocrx_word' id='word_1_154' title='bbox 249 2169 440 2207; x_wconf 88' lang='lat' dir='ltr'>exponere</span> <span class='ocrx_word' id='word_1_155' title='bbox 468 2159 562 2197; x_wconf 89' lang='lat' dir='ltr'>mihi</span> <span class='ocrx_word' id='word_1_156' title='bbox 590 2159 715 2198; x_wconf 85' lang='lat' dir='ltr'>liceat.</span> 
     </span>
    </p>

    <p class='ocr_par' dir='ltr' id='par_1_3' title="bbox 353 2223 1723 2274">
     <span class='ocr_line' id='line_1_20' title="bbox 353 2223 1723 2274; baseline 0.001 -13"><span class='ocrx_word' id='word_1_157' title='bbox 353 2223 439 2261; x_wconf 89' lang='lat' dir='ltr'>Non</span> <span class='ocrx_word' id='word_1_158' title='bbox 473 2223 583 2270; x_wconf 86' lang='lat' dir='ltr'>parvi</span> <span class='ocrx_word' id='word_1_159' title='bbox 616 2223 798 2260; x_wconf 89' lang='lat' dir='ltr'>momenti</span> <span class='ocrx_word' id='word_1_160' title='bbox 835 2234 881 2261; x_wconf 86' lang='lat' dir='ltr'>ea</span> <span class='ocrx_word' id='word_1_161' title='bbox 918 2226 1063 2269; x_wconf 84' lang='lat' dir='ltr'>essent,</span> <span class='ocrx_word' id='word_1_162' title='bbox 1107 2234 1203 2270; x_wconf 85' lang='lat' dir='ltr'>quae</span> <span class='ocrx_word' id='word_1_163' title='bbox 1235 2223 1429 2262; x_wconf 86' lang='lat' dir='ltr'>Robertus</span> <span class='ocrx_word' id='word_1_164' title='bbox 1457 2223 1723 2274; x_wconf 77' lang='lat' dir='ltr'>Stephanus⁴),</span> 
     </span>
    </p>
   </div>
   <div class='ocr_carea' id='block_1_3' title="bbox 252 2300 390 2304">
    <p class='ocr_par' dir='ltr' id='par_1_4' title="bbox 252 2300 390 2304">
     <span class='ocr_line' id='line_1_21' title="bbox 252 2300 390 2304; baseline 0 0"><span class='ocrx_word' id='word_1_165' title='bbox 252 2300 390 2304; x_wconf 95' lang='lat' dir='ltr'> </span> 
     </span>
    </p>
   </div>
   <div class='ocr_carea' id='block_1_4' title="bbox 393 2300 533 2303">
    <p class='ocr_par' dir='ltr' id='par_1_5' title="bbox 393 2300 533 2303">
     <span class='ocr_line' id='line_1_22' title="bbox 393 2300 533 2303; baseline 0 0"><span class='ocrx_word' id='word_1_166' title='bbox 393 2300 533 2303; x_wconf 95' lang='lat' dir='ltr'> </span> 
     </span>
    </p>
   </div>
   <div class='ocr_carea' id='block_1_5' title="bbox 245 2325 1726 2830">
    <p class='ocr_par' dir='ltr' id='par_1_6' title="bbox 245 2325 1726 2430">
     <span class='ocr_line' id='line_1_23' title="bbox 343 2325 1726 2372; baseline 0.001 -11"><span class='ocrx_word' id='word_1_167' title='bbox 343 2327 371 2372; x_wconf 88' lang='lat'>¹)</span> <span class='ocrx_word' id='word_1_168' title='bbox 399 2326 585 2371; x_wconf 87' lang='lat' dir='ltr'>„Historia</span> <span class='ocrx_word' id='word_1_169' title='bbox 610 2326 705 2361; x_wconf 89' lang='lat' dir='ltr'>delle</span> <span class='ocrx_word' id='word_1_170' title='bbox 731 2337 863 2371; x_wconf 86' lang='lat' dir='ltr'>guerre</span> <span class='ocrx_word' id='word_1_171' title='bbox 889 2327 926 2362; x_wconf 92' lang='lat' dir='ltr'>et</span> <span class='ocrx_word' id='word_1_172' title='bbox 950 2325 1033 2362; x_wconf 87' lang='lat' dir='ltr'>fatti</span> <span class='ocrx_word' id='word_1_173' title='bbox 1058 2326 1103 2362; x_wconf 89' lang='lat' dir='ltr'>de</span> <span class='ocrx_word' id='word_1_174' title='bbox 1126 2326 1294 2363; x_wconf 87' lang='lat' dir='ltr'>Romani.</span> <span class='ocrx_word' id='word_1_175' title='bbox 1346 2326 1520 2363; x_wconf 85' lang='lat' dir='ltr'>Tradotto</span> <span class='ocrx_word' id='word_1_176' title='bbox 1546 2326 1583 2362; x_wconf 91' lang='lat' dir='ltr'>di</span> <span class='ocrx_word' id='word_1_177' title='bbox 1609 2326 1726 2363; x_wconf 85' lang='lat' dir='ltr'>Greco</span> 
     </span>
     <span class='ocr_line' id='line_1_24' title="bbox 245 2385 1194 2430; baseline 0.002 -10"><span class='ocrx_word' id='word_1_178' title='bbox 245 2386 285 2420; x_wconf 87' lang='lat' dir='ltr'>in</span> <span class='ocrx_word' id='word_1_179' title='bbox 309 2385 435 2430; x_wconf 84' lang='lat' dir='ltr'>lingua</span> <span class='ocrx_word' id='word_1_180' title='bbox 459 2385 611 2429; x_wconf 82' lang='lat' dir='ltr'>vulgare</span> <span class='ocrx_word' id='word_1_181' title='bbox 636 2396 704 2429; x_wconf 89' lang='lat' dir='ltr'>per</span> <span class='ocrx_word' id='word_1_182' title='bbox 728 2385 776 2421; x_wconf 88' lang='lat' dir='ltr'>M.</span> <span class='ocrx_word' id='word_1_183' title='bbox 801 2385 929 2420; x_wconf 85' lang='lat' dir='ltr'>Nicolo</span> <span class='ocrx_word' id='word_1_184' title='bbox 955 2385 1194 2422; x_wconf 88' lang='lat' dir='ltr'>Leonicen0.“</span> 
     </span>
    </p>

    <p class='ocr_par' dir='ltr' id='par_1_7' title="bbox 247 2441 1725 2547">
     <span class='ocr_line' id='line_1_25' title="bbox 341 2441 1725 2488; baseline -0.001 -9"><span class='ocrx_word' id='word_1_185' title='bbox 341 2444 366 2488; x_wconf 85' lang='lat'>²)</span> <span class='ocrx_word' id='word_1_186' title='bbox 395 2442 653 2487; x_wconf 86' lang='lat' dir='ltr'>„Griechische</span> <span class='ocrx_word' id='word_1_187' title='bbox 666 2441 1083 2488; x_wconf 87' lang='lat' dir='ltr'>Litteraturgeschichte</span> <span class='ocrx_word' id='word_1_188' title='bbox 1095 2444 1135 2478; x_wconf 89' lang='lat' dir='ltr'>in</span> <span class='ocrx_word' id='word_1_189' title='bbox 1149 2454 1264 2478; x_wconf 87' lang='lat' dir='ltr'>neuer</span> <span class='ocrx_word' id='word_1_190' title='bbox 1276 2443 1560 2488; x_wconf 83' lang='lat' dir='ltr'>Bearbeitung“,</span> <span class='ocrx_word' id='word_1_191' title='bbox 1578 2443 1725 2488; x_wconf 83' lang='lat' dir='ltr'>Magde-</span> 
     </span>
     <span class='ocr_line' id='line_1_26' title="bbox 247 2502 562 2547; baseline -0.003 -10"><span class='ocrx_word' id='word_1_192' title='bbox 247 2502 340 2547; x_wconf 84' lang='lat' dir='ltr'>burg</span> <span class='ocrx_word' id='word_1_193' title='bbox 367 2503 562 2538; x_wconf 82' lang='lat'>1873—78.</span> 
     </span>
    </p>

    <p class='ocr_par' dir='ltr' id='par_1_8' title="bbox 246 2558 1722 2663">
     <span class='ocr_line' id='line_1_27' title="bbox 342 2558 1722 2605; baseline 0.001 -12"><span class='ocrx_word' id='word_1_194' title='bbox 342 2559 369 2603; x_wconf 80' lang='lat'>³)</span> <span class='ocrx_word' id='word_1_195' title='bbox 398 2559 540 2603; x_wconf 86' lang='lat' dir='ltr'>„Cassii</span> <span class='ocrx_word' id='word_1_196' title='bbox 568 2559 698 2594; x_wconf 87' lang='lat' dir='ltr'>Dionis</span> <span class='ocrx_word' id='word_1_197' title='bbox 731 2558 924 2594; x_wconf 83' lang='lat' dir='ltr'>Cocceiani</span> <span class='ocrx_word' id='word_1_198' title='bbox 954 2559 1131 2594; x_wconf 83' lang='lat' dir='ltr'>historiae</span> <span class='ocrx_word' id='word_1_199' title='bbox 1156 2559 1342 2595; x_wconf 86' lang='lat' dir='ltr'>Romanae</span> <span class='ocrx_word' id='word_1_200' title='bbox 1375 2570 1469 2605; x_wconf 90' lang='lat' dir='ltr'>quae</span> <span class='ocrx_word' id='word_1_201' title='bbox 1502 2561 1722 2605; x_wconf 86' lang='lat' dir='ltr'>supersunt“</span> 
     </span>
     <span class='ocr_line' id='line_1_28' title="bbox 246 2616 1348 2663; baseline -0.001 -10"><span class='ocrx_word' id='word_1_202' title='bbox 246 2617 303 2654; x_wconf 87' lang='lat' dir='ltr'>ed.</span> <span class='ocrx_word' id='word_1_203' title='bbox 329 2617 562 2653; x_wconf 89' lang='lat' dir='ltr'>Hermannus</span> <span class='ocrx_word' id='word_1_204' title='bbox 590 2616 737 2653; x_wconf 86' lang='lat' dir='ltr'>Samuel</span> <span class='ocrx_word' id='word_1_205' title='bbox 762 2616 967 2654; x_wconf 87' lang='lat' dir='ltr'>Reimarus.</span> <span class='ocrx_word' id='word_1_206' title='bbox 1016 2616 1221 2663; x_wconf 82' lang='lat' dir='ltr'>Hamburgi</span> <span class='ocrx_word' id='word_1_207' title='bbox 1249 2618 1348 2654; x_wconf 87' lang='lat'>1750.</span> 
     </span>
    </p>

    <p class='ocr_par' dir='ltr' id='par_1_9' title="bbox 247 2671 1724 2780">
     <span class='ocr_line' id='line_1_29' title="bbox 341 2671 1724 2725; baseline 0.002 -16"><span class='ocrx_word' id='word_1_208' title='bbox 341 2677 370 2719; x_wconf 71' lang='lat'>⁴)</span> <span class='ocrx_word' id='word_1_209' title='bbox 399 2677 500 2720; x_wconf 64' lang='lat' dir='ltr'>„Tem</span> <span class='ocrx_word' id='word_1_210' title='bbox 527 2675 653 2715; x_wconf 71' lang='grc' dir='ltr'>Δίωνος</span> <span class='ocrx_word' id='word_1_211' title='bbox 679 2675 879 2723; x_wconf 71' lang='grc' dir='ltr'>ιΡωμαικῶν</span> <span class='ocrx_word' id='word_1_212' title='bbox 906 2674 1060 2723; x_wconf 69' lang='grc' dir='ltr'>ἱστοριῶν</span> <span class='ocrx_word' id='word_1_213' title='bbox 1094 2671 1271 2725; x_wconf 68' lang='grc' dir='ltr'>εἶκοσετρία</span> <span class='ocrx_word' id='word_1_214' title='bbox 1304 2672 1411 2724; x_wconf 71' lang='grc' dir='ltr'>βιβλία</span> <span class='ocrx_word' id='word_1_215' title='bbox 1439 2704 1447 2714; x_wconf 93' lang='grc'><strong>.</strong></span> <span class='ocrx_word' id='word_1_216' title='bbox 1475 2705 1483 2714; x_wconf 97' lang='grc'><strong><em>.</em></strong></span> <span class='ocrx_word' id='word_1_217' title='bbox 1511 2705 1518 2712; x_wconf 91' lang='grc'>.</span> <span class='ocrx_word' id='word_1_218' title='bbox 1544 2675 1724 2721; x_wconf 79' lang='lat' dir='ltr'>Lutetiae,</span> 
     </span>
     <span class='ocr_line' id='line_1_30' title="bbox 247 2733 1040 2780; baseline 0.003 -11"><span class='ocrx_word' id='word_1_219' title='bbox 247 2744 291 2770; x_wconf 85' lang='lat' dir='ltr'>ex</span> <span class='ocrx_word' id='word_1_220' title='bbox 317 2733 463 2770; x_wconf 88' lang='lat' dir='ltr'>officina</span> <span class='ocrx_word' id='word_1_221' title='bbox 486 2734 577 2769; x_wconf 88' lang='lat' dir='ltr'>Rob.</span> <span class='ocrx_word' id='word_1_222' title='bbox 605 2734 803 2780; x_wconf 85' lang='lat' dir='ltr'>Stephani“</span> <span class='ocrx_word' id='word_1_223' title='bbox 831 2762 841 2771; x_wconf 86' lang='lat'><strong>.</strong></span> <span class='ocrx_word' id='word_1_224' title='bbox 868 2763 876 2771; x_wconf 90' lang='lat'><strong>.</strong></span> <span class='ocrx_word' id='word_1_225' title='bbox 905 2763 912 2771; x_wconf 93' lang='lat'><em>.</em></span> <span class='ocrx_word' id='word_1_226' title='bbox 942 2736 1040 2771; x_wconf 76' lang='lat'>1548.</span> 
     </span>
    </p>

    <p class='ocr_par' dir='ltr' id='par_1_10' title="bbox 1468 2798 1484 2830">
     <span class='ocr_line' id='line_1_31' title="bbox 1468 2798 1484 2830; baseline 0 0"><span class='ocrx_word' id='word_1_227' title='bbox 1468 2798 1484 2830; x_wconf 87' lang='lat'><em>1</em></span> 
     </span>
    </p>
   </div>
  </div>
 </body>
</html>
