2039 3254
877 291 1135 330 -7—

268 429 300 453 τι
326 416 411 452 ποῖα
439 414 479 452 οὔ
508 416 756 466 πεποιηκότες;
804 438 851 444 -
894 416 982 455 Hoc
1017 417 1100 455 loco
1129 427 1203 455 non
1233 418 1407 455 omittam
1437 419 1692 457 coniecturam
1721 431 1745 457 a

267 479 350 517 viro
384 475 600 518 doctissimo
634 481 797 527 quodam
831 481 926 519 mihi
959 482 1217 529 propositam:
1259 481 1294 518 τί
1319 481 1491 530 πολέμιον
1527 481 1568 519 οὐ
1597 497 1744 532 πεποιη-

268 542 382 584 κότες.
430 542 538 591 Quae
566 543 735 582 adiuvari
756 544 910 583 videtur
927 545 1118 583 nonnullis·
1136 544 1244 588 locis,
1272 545 1377 582 velut
1407 546 1469 592 37,
1494 547 1515 583 7
1546 544 1629 583 οὔτε
1657 546 1744 596 πρὸς

267 606 328 644 τὸν
356 606 528 657 Φραάτην
561 607 731 656 πολέμιον
759 622 791 646 τι
818 607 864 646 ἐτ’
895 608 1037 659 ἔπραξε,
1068 610 1130 655 71,
1163 610 1227 647 12:
1273 608 1386 658 μηδὲν
1415 610 1465 646 ἔτι
1493 609 1664 658 πολέμιον
1693 632 1740 637 -

266 670 354 721 πρὸς
380 670 463 712 τοὺς
485 669 692 720 Ῥωμαίους
719 670 858 722 πρᾶξαι,
888 671 933 710 fr.
965 673 1016 710 74
1045 672 1167 722 (apud
1187 672 1324 720 Dind.)
1352 671 1412 710 καὶ
1441 672 1612 721 πολέμιον
1641 672 1743 711 οὐδὲν

266 733 562 783 ἀποδεδειγμένον
590 734 677 785 εἶχε,
706 736 768 782 42,
796 737 818 773 9
848 736 961 785 μηδὲν
990 738 1039 774 ἔτι
1066 736 1238 785 πολέμιον
1267 736 1546 775 καταλείπεσθαι
1574 736 1737 785 νομίζων.

266 797 342 837 Sed
369 798 409 836 in
436 797 583 836 duobus
609 797 743 836 horum
768 798 936 837 locorum
964 798 1028 849 (fr.
1050 800 1101 838 74
1129 803 1169 839 et
1193 800 1257 848 42,
1280 800 1321 849 9)
1349 799 1521 849 πολέμιον
1549 800 1743 848 significat

265 862 436 911 πολέμιον
470 861 616 913 χωρίον,
656 862 755 909 quod
782 863 832 900 ad
858 866 1030 901 nostrum
1057 864 1181 902 locum
1209 875 1284 902 non
1313 865 1498 911 convenit,
1527 865 1566 901 in
1595 864 1741 903 duobus

266 927 405 965 ceteris
431 927 577 974 pariter
604 926 755 973 quidem
783 937 829 964 ac
856 929 985 966 nostro
1004 927 1088 966 loco
1109 928 1288 966 infestum
1317 928 1464 975 aliquid
1483 928 1629 966 factum
1657 939 1741 967 esse

265 995 457 1037 narratur,
498 991 564 1029 sed
592 992 704 1029 simul
732 991 896 1034 additur,
939 992 979 1029 in
1015 1002 1125 1038 quem
1160 992 1341 1030 infestum
1374 993 1469 1030 illud
1504 992 1649 1030 factum
1677 993 1740 1039 sit,

266 1066 350 1094 cum
378 1058 506 1094 nostro
534 1056 619 1094 loeo
647 1055 710 1093 hic
743 1056 981 1094 necessarius
1014 1056 1198 1094 terminus
1232 1067 1387 1104 prorsus
1414 1056 1524 1094 desit.
1580 1056 1667 1105 Qua
1695 1057 1742 1094 de

265 1131 378 1159 causa
405 1120 535 1158 dubito
562 1120 659 1158 illud
687 1120 733 1158 de
767 1120 840 1158 hoc
872 1120 956 1159 loco
991 1124 1102 1159 acute
1144 1121 1358 1159 coniectum
1399 1121 1591 1168 accipere,
1637 1124 1740 1159 certe

263 1185 347 1234 ἡμῖν
375 1185 435 1222 vel
463 1184 550 1234 πρὸς
576 1184 673 1234 ἡμᾶς
699 1184 760 1222 vel
792 1184 917 1222 simile
950 1184 1093 1231 aliquid
1127 1184 1316 1222 adiectivo
1344 1184 1515 1233 πολέμιον
1549 1195 1740 1232 apponen—

262 1249 349 1286 dum
378 1252 488 1287 esset.

366 1312 413 1350 In
441 1313 465 1351 l.
496 1313 547 1351 52
577 1324 606 1351 c.
643 1314 690 1351 14
718 1313 879 1360 denique
906 1313 954 1352 R.
985 1312 1200 1360 Stephanus
1242 1314 1324 1361 ipse
1355 1313 1449 1351 dicit
1489 1313 1606 1351 etiam
1638 1313 1741 1361 apud

260 1377 519 1416 Leonicenum
546 1378 721 1416 lacunam
749 1388 845 1416 esse.

367 1441 513 1478 Horum
554 1441 674 1487 igitur
714 1442 884 1479 locorum
918 1451 965 1479 ex
997 1442 1103 1479 nullo
1138 1441 1240 1480 effici
1274 1452 1385 1489 posse
1413 1442 1506 1479 mihi
1534 1442 1689 1479 videtur
1717 1453 1741 1478 a

261 1505 476 1544 Leoniceuo
505 1516 619 1543 unum
647 1516 694 1543 ex
722 1506 777 1543 eis
801 1504 1003 1552 codicibus,
1034 1506 1097 1551 qui
1111 1506 1223 1543 hodie
1242 1516 1388 1552 quoque
1408 1509 1556 1549 extant,
1586 1505 1738 1543 omnino

260 1580 335 1608 non
362 1579 473 1617 posse
502 1579 585 1607 esse
613 1568 852 1607 translatum.
897 1569 1014 1606 Immo
1042 1579 1131 1607 vero
1159 1568 1280 1606 libere
1310 1579 1396 1606 eum
1415 1572 1530 1616 atque
1550 1567 1742 1606 interdum
1804 1593 1810 1597 -

260 1644 394 1682 parum
436 1633 643 1680 diligenter
683 1634 802 1671 verba
830 1634 980 1671 Graeca
1022 1633 1235 1671 reddidisse
1271 1643 1356 1670 cum
1392 1644 1438 1671 ex
1466 1633 1553 1670 aliis
1582 1636 1665 1670 tum
1695 1643 1741 1669 ex

260 1698 320 1737 his
347 1698 443 1737 locis
471 1702 599 1747 potest
626 1697 805 1746 intellegi.
849 1698 894 1735 In
921 1698 945 1735 l.
977 1698 1025 1735 37
1057 1708 1086 1735 c.
1106 1698 1154 1735 37
1186 1698 1372 1745 scriptum
1401 1700 1477 1736 est:
1510 1696 1583 1734 οὐδ’
1614 1697 1742 1746 ἔμελέν

260 1763 293 1801 οἱ
332 1764 396 1813 τῆς
437 1762 562 1801 αὐτίκα
602 1762 854 1812 ταπεινότητος
894 1761 983 1812 πρὸς
1009 1761 1073 1811 τὴν
1103 1761 1146 1800 ἐκ
1172 1762 1236 1799 τοῦ
1266 1762 1386 1799 ἔπειτα
1415 1760 1528 1812 ἰσχύν·
1582 1760 1657 1799 ἀλλ’
1690 1761 1741 1798 ὧν

261 1826 437 1879 ἐπεχείρει
465 1829 678 1878 πρωτεῦσαι,
706 1825 855 1868 τούτους
874 1826 924 1868 ὥς
943 1825 1003 1865 καὶ
1021 1824 1225 1876 κρείττονας
1243 1825 1441 1876 ὑπήρχετο.
1486 1824 1588 1864 Tota
1607 1828 1736 1864 autem

259 1891 467 1930 Leoniceni
493 1892 620 1932 versio
648 1894 799 1930 constat
826 1902 875 1929 ex
901 1890 962 1929 his
990 1890 1132 1928 verbis:
1173 1901 1269 1935 „non
1304 1889 1436 1928 faceva
1464 1890 1579 1928 stima
1608 1890 1647 1928 di
1674 1891 1744 1928 hu-

260 1956 420 1994 miliarsi
448 1956 509 1995 nel
538 1956 726 2003 principio
753 1965 827 2003 pur
855 1954 924 1992 che
952 1957 1102 2002 potesse
1129 1946 1539 2001 dipoisignoreggiare
1558 1954 1587 1992 li
1606 1955 1739 1994 altri“.

259 2020 346 2058 Non
387 2020 540 2058 dubium
581 2023 657 2064 est,
701 2019 791 2065 quin
825 2019 884 2056 his
917 2018 1044 2056 verbis
1071 2028 1203 2056 sensus
1230 2018 1351 2056 totius
1378 2018 1453 2056 loci
1481 2020 1739 2063 contineatur,

261 2084 462 2121 verborum
479 2083 619 2121 Dionis
635 2085 763 2121 autem
789 2092 926 2130 parum
944 2082 1043 2120 ratio
1062 2082 1114 2120 sit
1132 2082 1277 2121 habita.
1323 2082 1370 2119 In
1388 2082 1414 2119 1.
1437 2083 1499 2128 39,
1520 2084 1570 2121 20
1590 2083 1742 2121 codices

260 2147 401 2194 parti-m
429 2146 651 2185 ἀκούσασθαι
677 2146 857 2191 θέλοντες,
893 2146 1034 2193 partim
1068 2144 1264 2184 ἀκέσασθαι
1290 2145 1509 2195 θελήσαντες
1542 2148 1741 2194 praebent,

260 2220 355 2257 quae
382 2210 500 2248 verba
518 2210 637 2249 Leon.
666 2220 821 2257 prorsus
847 2209 1135 2257 praetermittit.
1179 2209 1226 2247 In
1243 2209 1270 2247 1.
1292 2210 1354 2255 39,
1376 2210 1425 2247 35
1445 2210 1563 2247 vertit
1580 2210 1731 2255 „Nino‘

259 2285 329 2323 pro
357 2272 515 2321 Ninnio,
554 2274 593 2312 in
627 2273 797 2312 eiusdem
823 2272 914 2311 libri
941 2283 962 2310 c
989 2273 1039 2310 45
1070 2276 1110 2310 et
1136 2272 1188 2310 47
1217 2273 1335 2311 vertit
1367 2273 1550 2323 „Idiuizffi
1583 2274 1649 2312 ubi
1677 2285 1743 2312 co-

259 2339 361 2378 dices
389 2336 516 2381 Ἰδουΐξ
543 2349 611 2386 pro
641 2336 836 2389 Οὖιριδουίξ
863 2337 1052 2385 praebent
1079 2336 1261 2387 (fortasse
1291 2337 1436 2384 primas
1463 2337 1598 2377 literas
1626 2338 1741 2377 huius

259 2404 421 2443 nominis
447 2403 595 2452 proprii
623 2401 710 2453 Ουιρ
730 2424 780 2430 -
800 2401 1063 2440 existimantes
1090 2400 1271 2440 Latinum
1298 2412 1435 2440 nomen
1463 2402 1739 2451 appellativum

263 2469 392 2519 „vir“)
435 2471 475 2507 et
519 2468 726 2514 „Teveri“,
767 2467 832 2505 ubi
872 2466 913 2505 in
950 2465 1143 2505 codicibus
1176 2464 1344 2517 Τριηρῶν
1379 2466 1498 2515 (apud
1532 2467 1576 2504 R.
1607 2465 1739 2515 Steph.

259 2532 436 2585 Τριήρων,
466 2533 566 2580 quod
594 2532 758 2572 Grosius
786 2531 948 2580 omittit)
974 2534 1034 2569 est
1059 2542 1129 2579 pro
1158 2529 1369 2581 Τριουήρων
1397 2531 1479 2569 sive
1507 2530 1738 2582 Τρεουήρων.

259 2597 308 2635 In
340 2598 366 2636 l.
398 2598 448 2637 39
478 2609 509 2636 ο.
540 2598 608 2635 50:
653 2597 704 2639 ὡς
731 2596 875 2635 ἕκαστοι
903 2597 1038 2647 σχολῆς
1072 2594 1096 2645 ἢ
1124 2594 1185 2634 καὶ
1212 2594 1415 2646 φιλολογίας
1444 2594 1560 2647 εἶχον,
1602 2595 1740 2634 Leon:

263 2673 349 2709 „ma
389 2662 613 2710 seguitando
655 2662 791 2700 alcune
825 2661 1038 2699 conietture
1073 2670 1094 2697 e
1131 2659 1284 2707 ragioni
1318 2663 1517 2707 asseguate
1546 2658 1743 2698 d'altrui⁴‘.

258 2727 305 2766 In
332 2727 359 2766 1.
379 2728 442 2775 40,
464 2727 514 2766 27
542 2729 672 2765 textus
689 2726 808 2765 verba
826 2724 1002 2773 praebet:
1034 2723 1231 2774 ἀμύναντές
1249 2738 1354 2775 σφισι,
1383 2735 1481 2772 quae
1502 2724 1742 2763 Leoniccnus
