2039 3254
869 262 1159 305 -13-

382 395 466 433 Hoc
510 404 625 431 unum
666 392 824 439 (lenique
866 391 1070 430 verisimile
1106 391 1227 439 dicas,
1272 392 1439 431 codicem
1467 392 1656 433 Venetum
1684 397 1750 432 aut

276 463 475 504 utrumque
517 461 584 495 aut
611 459 773 495 alterum
799 458 840 494 in
866 456 1076 494 Leoniceni
1102 457 1276 494 manibus
1304 457 1431 495 fuisse.
1490 457 1630 496 Utrum
1657 470 1748 496 vero

277 523 385 562 codd.
413 523 525 561 huius
553 525 679 561 aetate
707 521 837 560 eodem
856 520 967 559 modo
988 520 1205 559 obtruncati
1223 520 1366 560 fuerint
1385 533 1457 569 quo
1477 522 1590 561 hodie
1609 533 1746 566 annon,

277 591 403 626 utrum
423 591 750 634 quantumcunque
769 585 1005 623 Leonicenus
1024 596 1048 623 a
1066 585 1226 632 singulis
1246 586 1438 624 codicibus
1457 587 1585 625 differt
1603 587 1743 625 vitioso

278 651 449 691 vertendi
481 651 616 698 generi
648 649 852 688 tribuenda
885 650 933 688 sit
968 661 1017 688 an
1045 653 1174 688 nostro
1202 649 1341 688 minori
1370 651 1539 689 codicum
1565 651 1744 696 notitiae,

278 727 323 755 eo
356 715 481 753 minus
509 714 710 753 diiudicari
737 717 892 762 potest,
918 714 1019 761 quod
1048 713 1096 752 de
1123 714 1195 752 hac
1222 725 1264 752 re
1293 725 1340 753 ex
1367 714 1669 763 praefationibus
1697 716 1745 752 ab

277 781 363 819 aliis
392 779 611 827 compositis
638 779 788 816 omnino
817 779 911 816 nihil
938 779 1209 825 cognoscimus.

385 844 470 890 Ego
513 853 609 890 quae
651 843 697 880 de
732 843 949 880 Leoniceno
984 844 1128 890 scripta
1161 844 1332 881 invenire
1360 845 1485 891 potui,
1522 845 1617 882 haec
1645 848 1741 882 sunt.

278 908 403 948 Natus
431 910 490 945 est
517 906 674 945 Niccolo
702 906 928 950 Leoniceno,
964 910 1008 944 ut
1048 906 1191 954 opinor,
1235 906 1467 956 Vicetiae¹),
1509 918 1623 955 quam
1657 908 1747 946 Itali

281 972 493 1016 „Vicenza“
529 974 685 1017 vocant,
721 980 819 1008 anno
851 970 964 1008 1428.
1019 969 1155 1007 Clarus
1189 970 1254 1008 ille
1287 970 1485 1017 Ognibene
1522 972 1570 1009 da
1597 972 1747 1019 Lonigo

278 1034 464 1083 magister
506 1034 541 1073 ei
581 1034 779 1072 literarum
813 1032 1050 1072 Graecarum
1083 1036 1123 1071 et
1157 1033 1384 1072 Latinarum
1417 1034 1503 1074 fuit.
1558 1034 1633 1074 Oui
1667 1046 1751 1074 cum

280 1100 425 1137 Latina
451 1099 583 1146 lingua
611 1099 842 1136 Omnibonus
869 1098 1106 1136 Leonicenus
1133 1109 1270 1136 nomen
1311 1099 1472 1137 inditum
1514 1103 1632 1144 esset,
1667 1100 1750 1138 fieri

280 1163 415 1210 potuit,
446 1166 489 1200 ut
515 1163 668 1209 quidam
694 1163 898 1209 scriptores
917 1162 1034 1200 etiam
1053 1160 1254 1200 Nicolaum
1272 1162 1529 1200 Leonicenum
1548 1164 1589 1200 in
1608 1164 1749 1210 oppido

283 1226 479 1273 „Lonigo“
510 1238 629 1274 prope
658 1225 848 1265 Vicetiam
883 1226 956 1265 sito
990 1229 1121 1264 natum
1156 1237 1236 1265 esse
1270 1230 1460 1274 putarent.
1516 1227 1627 1265 Haec
1660 1238 1750 1265 vero

279 1291 471 1328 sententia
512 1300 596 1327 cum
637 1290 731 1327 mihi
771 1290 924 1327 minime
966 1291 1165 1336 probatur,
1215 1294 1297 1327 tum
1338 1291 1449 1328 etiam
1492 1291 1634 1338 prioris
1674 1292 1750 1328 iam

281 1354 421 1392 aetatis
448 1353 542 1390 viris
569 1352 692 1390 doctis
725 1353 937 1390 refellenda
971 1356 1029 1390 est
1060 1353 1153 1390 visa.
1210 1352 1469 1402 Tiraboschi2)
1504 1354 1603 1391 enim
1645 1353 1750 1403 (pag.

281 1418 358 1456 483
387 1416 480 1465 seq.)
516 1417 612 1454 haec
645 1416 756 1454 dicit:
805 1416 1161 1463 „Angiolgabriello
1196 1417 1245 1454 da
1280 1417 1316 1455 S.
1352 1418 1478 1455 Maria
1505 1418 1752 1456 carmelitano

281 1480 411 1528 scalgo
432 1510 441 1519 .
463 1510 471 1519 .
494 1510 503 1519 .
523 1480 690 1528 impiega
723 1480 790 1528 piu
825 1480 864 1517 di
897 1483 1053 1526 quattro
1089 1481 1228 1528 pagine
1256 1492 1279 1519 a
1306 1492 1468 1528 provare
1497 1482 1566 1519 che
1594 1482 1752 1519 Niccolo

281 1554 355 1581 non
382 1543 422 1581 fu
450 1544 517 1590 gia
544 1544 650 1582 detto
678 1544 913 1588 Leoniceno,
949 1544 1087 1591 perche
1122 1544 1224 1582 fosse
1252 1549 1342 1583 nato
1372 1546 1434 1583 del
1462 1546 1582 1584 castel
1611 1545 1650 1582 di
1676 1545 1753 1584 Lo·

282 1608 385 1655 m'g0‚
426 1620 488 1646 ma
529 1609 668 1655 perche
710 1619 777 1646 era
818 1608 918 1647 della
958 1609 1063 1646 nobil
1103 1607 1277 1656 famiglia
1319 1610 1358 1647 di
1400 1610 1457 1647 tal
1491 1620 1670 1657 cognomc
1704 1611 1754 1648 da

282 1670 463 1723 Vicenza.
519 1671 679 1709 Intorno
708 1682 732 1709 a
760 1672 829 1709 che
856 1672 894 1709 io
922 1682 990 1709 son
1018 1672 1091 1709 ben
1117 1673 1222 1719 lungi
1256 1673 1320 1709 dal
1348 1673 1457 1710 voler
1485 1683 1556 1710 con
1583 1673 1638 1710 lui
1666 1683 1754 1710 con-

282 1739 489 1774 trastare“.
545 1735 687 1781 Quibus
724 1735 848 1773 causis
875 1735 1203 1783 Angiolgabriello
1237 1736 1383 1774 nitatur
1416 1748 1475 1774 me
1509 1736 1626 1784 fugit,
1669 1748 1754 1775 cum

280 1799 379 1836 liber
406 1799 487 1836 eius
514 1799 553 1835 in
581 1809 716 1836 manus
744 1810 848 1836 meas
875 1809 952 1836 non
978 1799 1215 1846 pervenerit3
1251 1803 1381 1837 tamen
1415 1801 1578 1837 maxime
1605 1800 1680 1838 hac
1708 1801 1754 1838 de

285 1874 401 1903 causa
428 1863 465 1902 ei
492 1863 697 1912 assentior,
743 1862 845 1911 quod
885 1863 978 1902 mihi
1018 1874 1174 1912 prorsus
1217 1863 1382 1903 alienum
1416 1863 1570 1904 videtur
1603 1868 1751 1914 putare,

283 1928 483 1967 Nicolaum
511 1928 677 1976 patriam
705 1938 812 1966 suam
838 1928 990 1965 nomine
1021 1928 1283 1973 „Leoniceno“
1321 1928 1537 1975 significare
1574 1930 1755 1973 voluisse;

287 1996 353 2032 aut
379 1993 507 2041 lingua
534 1993 672 2031 Italica
702 1992 883 2038 „Niccolo
903 1992 953 2030 da
971 1992 1143 2039 Lonigo“
1174 1995 1240 2031 aut
1260 1993 1402 2031 Latina
1434 1993 1638 2038 „Nicolaus
1657 1994 1754 2033 Leo-

378 2114 407 2159 ¹)
435 2113 492 2151 J0.
516 2114 601 2150 Alb.
627 2113 788 2149 Fabricii
811 2113 1042 2149 Bibliotheca
1067 2113 1199 2150 Latina
1222 2114 1366 2150 mediae
1392 2115 1429 2150 et
1452 2113 1599 2149 infimae
1624 2114 1756 2150 aetatis

281 2173 342 2208 IV.
377 2173 508 2207 Hamb.
549 2173 650 2216 1735,
686 2183 771 2216 pag.
809 2174 893 2207 787:
930 2171 1106 2207 Nicolaus
1143 2172 1371 2207 Leonicenus
1410 2172 1685 2208 Vicentinus.
1711 2192 1758 2199 --

285 2229 339 2266 Cf.
366 2230 477 2265 etiam
501 2228 662 2265 Fabricii
685 2228 780 2265 Bibl.
807 2227 936 2265 Graec.
962 2229 1032 2265 vol.
1057 2228 1155 2274 XIII,
1181 2229 1311 2265 Hamb.
1342 2231 1443 2274 1726,
1473 2239 1557 2275 pag.
1582 2230 1663 2275 347,
1694 2230 1757 2265 ubi

283 2288 582 2323 vincentinus
608 2288 828 2333 appellatur.
851 2309 887 2314 —
909 2288 1075 2333 Utroque
1101 2288 1183 2324 loco
1201 2288 1310 2324 Fabr.
1336 2288 1484 2323 nonnisi
1510 2288 1555 2323 de
1579 2288 1753 2324 medico

283 2345 490 2382 Leoniceno
516 2346 603 2392 agit.

378 2406 406 2450 ²)
433 2405 554 2441 Storia
579 2405 677 2440 della
700 2405 919 2441 letteratura
943 2405 1096 2441 italiana
1121 2404 1182 2440 del
1208 2404 1293 2440 Cav.
1310 2405 1431 2440 Abate
1449 2404 1636 2441 Girolamo
1656 2405 1757 2440 Tira-

284 2462 412 2498 boschi
437 2462 497 2507 Vl,
524 2465 555 2498 2.
604 2462 758 2498 Firenze
797 2463 897 2507 1809,
934 2462 999 2498 ubi
1036 2461 1214 2508 quidquid
1252 2461 1297 2497 de
1329 2461 1537 2498 Leoniceno
1569 2462 1604 2497 ei
1628 2464 1756 2498 notum

285 2522 365 2556 erat
402 2521 599 2566 diligenter
635 2523 772 2557 narrat.
820 2521 968 2558 Addere
1005 2520 1127 2566 velim,
1164 2531 1258 2566 quae
1290 2520 1329 2556 in
1353 2520 1424 2557 vol.
1449 2520 1529 2565 VII,
1553 2531 1638 2567 pag.
1666 2522 1756 2557 1385

283 2578 536 2615 inveniuntur:
571 2578 765 2626 „(Giraldi)
796 2578 921 2626 vuole,
956 2579 1023 2615 che
1052 2579 1122 2615 tra'
1152 2578 1252 2625 poeti
1277 2579 1309 2614 si
1334 2579 1651 2624 annoverilanche
1677 2578 1758 2618 Nic,

284 2637 313 2673 L
333 2665 341 2673 .
360 2665 368 2673 .
387 2665 395 2673 .
413 2666 420 2673 .
441 2649 460 2673 e
486 2637 638 2673 afferma
669 2638 736 2674 che
767 2638 868 2683 negli
901 2638 988 2674 anni
1019 2638 1076 2674 sui
1101 2638 1276 2683 giovanili
1302 2649 1392 2674 avea
1418 2637 1491 2683 egli
1515 2638 1668 2674 talvolta
1692 2638 1757 2674 im-

284 2696 493 2741 provvisato
517 2695 779 2732 felicemente.“
